2834 4292
136 262 182 309 vt.
196 260 253 325 84]
435 250 640 334 Inspiration
663 253 704 333 of
720 252 774 314 tlte
798 251 901 330 Sibyl.
1136 268 1197 333 157

135 451 196 491 nec
212 434 335 492 mortale
350 452 466 507 sonans,
482 434 589 492 adflata
603 445 646 492 est
660 436 780 493 numine
795 434 914 510 quando
1168 446 1198 491 ⁵0

136 531 197 588 iam
213 532 351 607 propiore
366 530 425 589 dei.
468 533 591 591 ‘Cessas
605 532 636 589 in
650 542 718 605 uota
731 550 902 607 precesque,

135 628 223 686 Tros’
239 629 279 685 ait
294 629 433 687 ‘Aeneai
474 628 601 687 Cessas?
642 629 749 703 Neque
764 629 843 686 enim
856 636 925 685 ante
939 625 1094 687 dehiscent

137 725 281 782 attonitae
296 743 404 800 magna
416 742 468 782 ora
481 723 606 783 domus)
650 726 688 781 Et
702 725 770 781 talia
782 725 842 782 fata

136 823 293 881 conticuit.
335 822 458 881 Gelidus
471 823 593 880 Teucris
607 839 660 898 per
673 821 747 880 dura
760 819 886 881 cucurrit

135 938 207 978 ossa
221 929 339 993 tremor,
353 919 507 995 funditque
522 937 625 995 preces
639 937 691 977 rex
704 929 825 995 pectore
840 919 878 978 ab
892 917 952 976 imo
964 938 972 977 ε

179 1017 331 1088 ‘Phoebe,
345 1034 446 1091 graves
460 1017 566 1074 Troiae
581 1034 698 1092 semper
712 1017 846 1075 miserate
860 1015 984 1086 labores,

136 1113 281 1171 Dardana
295 1114 345 1189 qui
359 1113 469 1172 Paridis
483 1112 588 1171 direxti
601 1114 659 1170 tela
673 1131 835 1188 manusque

136 1230 247 1287 corpus
261 1212 292 1269 in
305 1210 463 1283 Aeacidae,
477 1229 597 1287 magnas
611 1211 752 1269 obeuntia
764 1220 853 1268 terras

134 1319 182 1367 tot
196 1310 288 1367 maria
301 1308 404 1367 intravi
418 1308 495 1367 duce
510 1320 548 1379 te,
563 1308 737 1383 penitusque
751 1318 882 1382 repostas

137 1407 301 1482 Massylum
317 1416 419 1483 gentes
433 1416 643 1483 praetentaque
658 1406 788 1482 Syrtibus
801 1425 879 1479 arva,

136 1506 197 1563 iarn
212 1504 334 1562 tandem
349 1504 449 1562 Italiae
460 1504 596 1579 fugientis
611 1503 781 1579 prendimus
795 1522 880 1579 oras,

136 1603 196 1661 hac
209 1603 336 1660 Troiana
350 1613 434 1660 tenus
448 1603 533 1660 suerit
548 1603 677 1660 Fortuna
690 1612 801 1660 secuta

135 1702 200 1759 Vos
214 1718 333 1775 quoque
348 1703 526 1775 Pergameae
541 1701 598 1758 iarn
613 1701 655 1759 sas
670 1710 716 1759 est
729 1686 848 1776 parcere
862 1702 951 1776 genti,

73 1822 76 1827 ·
102 1782 105 1791 ’
137 1798 229 1873 dique
244 1798 281 1857 de
321 1817 359 1857 ue
373 1817 477 1857 omnes
491 1788 595 1874 quibus
610 1800 721 1859 obstitit
736 1800 822 1858 Ilium
836 1810 867 1858 et
881 1801 983 1876 ingens

136 1896 229 1972 gloria
243 1818 420 1955 Daibaniae.
462 1897 577 1971 Tuque,
593 1897 621 1957 O
636 1898 818 1955 sanctissima
830 1906 920 1970 vates,

134 1986 271 2071 praescia
282 1996 404 2067 venturi,
420 1995 467 2066 da,
483 2014 544 2053 non
557 1994 689 2055 indebita
702 2014 796 2073 posco

136 2095 229 2169 regna
241 2092 315 2151 meis
329 2094 402 2164 satis,
419 2094 503 2151 Latio
518 2093 671 2151 considere
685 2095 817 2153 Teucros

136 2186 316 2267 errantisque
331 2190 405 2249 deos
419 2190 584 2267 agitataque
599 2192 720 2249 numina
733 2192 848 2251 Troiae.

135 2291 215 2347 Tum
230 2288 352 2347 Phoebo
367 2300 396 2346 et
409 2289 522 2347 Triviae
538 2288 632 2347 solido
647 2288 686 2348 de
700 2307 845 2349 marmore
861 2291 1002 2368 templum

135 2388 295 2458 instituam,
310 2389 458 2462 festosque
474 2386 536 2445 dies
551 2386 589 2445 de
604 2388 725 2446 nomine
741 2388 861 2448 Phoebi.

134 2488 180 2545 Te
194 2504 314 2561 quoque
330 2503 439 2561 magna
452 2494 573 2542 manent
586 2485 683 2560 regnis
697 2486 858 2561 penetralia
870 2487 994 2547 nostris:

135 2584 185 2642 hic
200 2601 257 2658 ego
271 2601 399 2657 namque
412 2592 477 2641 tuas
491 2591 583 2641 sortes
599 2600 764 2657 arcanaque
777 2583 845 2656 fata,

135 2681 216 2740 dicta
230 2697 314 2737 meae
329 2680 418 2755 genti,
433 2697 552 2754 ponam,
567 2679 719 2754 lectosque
734 2680 864 2750 sacrabo,

135 2779 222 2851 aima,
236 2778 322 2836 viros,
364 2776 453 2835 Foliis
467 2786 581 2835 tantum
595 2795 634 2835 ne
649 2778 779 2835 cannina
792 2778 910 2851 manda,

134 2894 174 2935 ne
187 2874 304 2933 turbata
316 2874 416 2932 volent
430 2872 538 2949 rapidis
551 2874 676 2934 ludibria
689 2876 782 2934 ventis
793 2897 801 2949 ;

134 2974 199 3049 ipsa
214 2990 302 3029 canas
317 2973 390 3029 oro)
432 2971 536 3029 Finem
552 2969 634 3029 dedit
649 2990 699 3030 ore
714 2973 864 3048 loquendi.

175 3072 222 3141 At,
235 3067 353 3127 Phoebi
366 3067 501 3126 nondum
514 3069 639 3143 patiens,
653 3070 792 3128 immanis
807 3072 835 3128 in
850 3082 934 3131 antro

134 3161 398 3236 bacchatur‘vates
413 3182 553 3239 magnum
567 3166 591 3224 si
605 3176 726 3243 pectore
741 3168 834 3242 possit

135 3264 296 3323 excussisse
310 3262 400 3321 deum
412 3282 421 3336 ;
442 3272 524 3321 tanto
539 3264 631 3339 magis
646 3264 692 3323 ille
707 3264 807 3340 fatigat

134 3380 168 3421 os
182 3360 326 3431 rabidum,
341 3359 402 3417 fera
415 3359 508 3419 corda
522 3359 655 3432 domena,
670 3360 811 3437 fingitque
825 3361 998 3437 premendo.

135 3459 219 3520 Ostia
233 3458 350 3533 iamque
366 3456 472 3515 domus
486 3466 606 3533 patuere
621 3457 751 3533 ingentia
765 3465 884 3518 centu'm

134 3564 240 3632 sponte
255 3572 315 3624 sua,
330 3554 462 3628 vatisque
477 3553 573 3613 ferunt
585 3572 727 3630 responsa
741 3574 793 3631 per
807 3574 890 3615 auras
902 3579 908 3616 :

175 3652 221 3714 ‘O
236 3650 357 3709 tandem
371 3650 485 3727 magnis
498 3650 594 3727 pelagi
609 3649 748 3711 defuncte
761 3652 898 3729 periclis!

135 3749 192 3809 Sed
206 3758 299 3809 terrae
314 3747 447 3825 graviora
462 3756 590 3806 manent.
634 3748 671 3807 In
684 3766 775 3825 regna
789 3750 891 3811 Lavini
