2834 4292
236 266 295 345 138
672 282 704 328 ν.
732 263 846 345 Sicily.

231 447 330 505 tertius
346 447 503 523 Euryalus:

232 546 447 621 Euryalumque
464 546 607 620 Helymus
622 545 772 620 sequitur;
793 560 854 619 quo
868 544 977 603 deinde
991 544 1046 604 sub
1060 543 1125 621 ipso

232 661 303 701 ecce
318 642 395 701 volat
411 642 582 717 calcemque
596 642 663 700 terit
677 643 735 699 iam
751 642 832 698 ealce
849 642 963 714 Diores,

232 741 405 801 incumbens
430 756 543 809 umero,
567 739 661 814 spatia
676 748 705 795 et
719 739 743 795 si
757 738 840 813 plura
853 739 1009 813 supersint,

231 846 358 895 transeat
373 836 487 909 elapsus
502 835 587 908 prior,
603 835 831 910 ambiguumque
845 836 998 910 relinquat.

274 935 395 1007 Iamque
411 932 469 989 sere
485 931 579 1005 spatio
594 941 727 990 extremo
742 931 868 1006 fessique
884 932 939 990 sub
952 932 1046 1007 ipsam

232 1031 322 1089 finem
335 1029 539 1099 adventabant,
555 1028 610 1085 levi
628 1046 696 1085 cum
711 1029 852 1104 sanguine
868 1029 957 1087 Nisus

232 1128 336 1186 labitur
350 1127 455 1197 infelix,
472 1125 563 1183 caesis
578 1135 609 1183 ut
624 1125 697 1182 forte
714 1126 843 1183 iuvencis

232 1227 311 1284 fusus
326 1224 447 1281 humum
461 1222 617 1297 viridisque
632 1240 720 1297 super
734 1222 933 1280 madefecerat
947 1222 1060 1281 herbas.

234 1324 295 1381 Hic
309 1322 419 1380 iuvenis
434 1321 491 1379 iam
505 1322 597 1378 victor
610 1338 700 1378 ovans
715 1320 837 1394 vestigia
850 1338 950 1394 presso

233 1419 311 1478 haud
326 1420 418 1477 tenuit
433 1419 555 1475 titubata
569 1418 640 1489 solo,
656 1416 709 1474 sed
723 1435 832 1492 pronus
848 1417 957 1491 inipso

235 1515 364 1575 concidit
378 1514 590 1590 immundoque
605 1516 675 1573 fimo
689 1531 832 1587 sacroque
847 1531 959 1571 cruore.

235 1616 304 1673 Non
319 1624 417 1671 tamen
434 1613 557 1689 Euryali,
572 1630 632 1670 non
647 1612 693 1669 ille
708 1611 814 1669 oblitus
828 1628 980 1683 amorum3

234 1731 303 1770 nam
318 1729 380 1769 sese
395 1711 532 1785 opposuit
547 1710 622 1767 Salio
637 1727 690 1784 per
702 1709 814 1767 lubrica
826 1726 966 1783 surgens;

234 1810 280 1868 ille
295 1818 393 1865 autem
408 1808 499 1882 spissa
513 1806 600 1863 iacuit
613 1807 759 1863 revolutus
772 1824 869 1864 arena.

235 1906 350 1965 Emicat
366 1905 513 1980 Euryalus,
529 1914 558 1961 et
572 1922 693 1962 munere
708 1904 801 1961 victor
814 1904 900 1962 amici

234 2004 328 2079 prima
342 2012 430 2073 tenet,
445 2002 605 2076 plausuque
619 2002 695 2058 volat
710 2001 883 2076 fremituque
900 2000 1041 2062 secundo.

235 2101 305 2159 Post
320 2099 462 2174 Helymus
477 2098 563 2168 subit,
575 2108 604 2155 et
618 2116 697 2155 nunc
712 2099 796 2155 tertia
809 2100 906 2173 palma
921 2100 1037 2159 Diores.

277 2197 337 2255 Hic
352 2206 445 2253 totum
461 2213 566 2252 caveae
582 2212 752 2253 consessum
765 2197 890 2271 ingentis
905 2210 934 2256 et
950 2219 1002 2259 ora

234 2296 329 2371 prima
343 2303 456 2368 patrum
472 2292 583 2367 magnis
598 2293 688 2351 Salius
703 2293 877 2353 clamoribus
892 2297 1004 2373 implet,

236 2400 424 2466 ereptumque
440 2390 508 2448 dolo
523 2388 608 2447 reddi
622 2390 676 2449 sibi
690 2392 786 2465 poscit
801 2393 952 2454 honorem.

234 2490 357 2546 Tutatur
371 2488 451 2545 favor
466 2488 632 2563 Euryalum,
647 2489 840 2567 lacrimaeque
856 2492 992 2566 decorae,

235 2586 341 2661 gratior
354 2593 383 2642 et
397 2584 519 2659 pulchro
534 2585 653 2644 veniens
667 2587 697 2644 in
714 2606 837 2664 corpore
852 2591 951 2649 virtus.

236 2682 361 2741 Adiuvat
375 2691 404 2739 et
418 2700 524 2756 magna
537 2684 696 2757 proclamat
709 2705 783 2744 voce
800 2689 914 2760 Diores,

235 2780 285 2855 qui
300 2778 386 2837 subiit
400 2780 523 2853 palmae,
539 2780 698 2858 frustraque
713 2783 752 2843 ad
767 2787 896 2861 praemia
910 2785 989 2844 venit

235 2878 344 2947 ultima,
360 2876 384 2934 si
399 2877 483 2951 primi
497 2877 572 2935 Salio
587 2879 747 2940 reddentur
761 2884 897 2942 honores.

275 2976 353 3032 Tum
368 2983 450 3048 pater
464 2976 577 3032 Aeneas
593 2979 713 3036 ‘Vestra
726 2982 732 3007 ’
748 2980 842 3055 inquit
857 2968 996 3039 ‘munera
1008 2980 1091 3039 vobis

236 3082 315 3131 certa
330 3081 458 3142 manent,
473 3074 563 3147 pueri,
579 3085 608 3132 et
622 3076 750 3150 palmam
765 3088 864 3135 movet
878 3078 982 3136 ordine
995 3094 1104 3150 nem03

236 3190 284 3229 me
298 3171 384 3227 liceat
398 3188 482 3228 casus
496 3172 625 3230 misereri
641 3174 763 3233 insontis
778 3175 885 3235 amici!

236 3270 283 3327 Sic
298 3268 381 3337 latus,
397 3276 509 3345 tergum
525 3270 640 3329 Gaetuli
656 3271 784 3329 immane
799 3273 892 3331 leonis

237 3366 287 3425 dat
302 3366 387 3437 Salio,
402 3368 473 3427 villis
489 3386 645 3427 onerosum
660 3378 748 3443 atque
763 3371 907 3445 unguibus
921 3369 1024 3429 aureis.

238 3465 298 3523 Hic
314 3465 411 3536 NisuS,
425 3467 474 3525 ‘Si
489 3469 586 3523 tanta'
601 3466 694 3541 inquit
710 3470 793 3524 ‘sunt
807 3468 936 3541 praemia
950 3468 1043 3538 victiS,

236 3573 266 3621 et
280 3572 308 3620 te
323 3564 470 3638 lapsorum
485 3563 609 3633 miseret,
625 3580 701 3637 quae
716 3583 837 3621 munera
852 3565 925 3622 Niso

235 3657 325 3735 digna
339 3659 433 3732 dabis,
447 3659 571 3737 primam
585 3659 678 3717 merui
692 3660 743 3734 qui
757 3660 842 3718 laude
859 3677 1008 3731 coronam,

701 3784 736 3819 Μ
744 3800 788 3831 -υι,
804 3787 837 3831 Η.
