2834 4292
207 313 249 378 54
479 317 499 362 1.
530 298 562 360 T
556 299 597 362 lae
618 299 780 383 Landing
800 299 836 362 in
859 296 986 381 Africa.
1133 311 1258 376 [AEunrn.

205 482 289 558 quale
305 499 407 540 manus
421 481 535 541 addunt
550 483 630 541 ebori
645 481 745 554 decus,
761 492 810 540 aut
822 484 873 542 ubi
886 484 962 542 flavo

204 588 356 656 argentum
371 579 506 638 Pariusve
521 580 592 655 lapis
607 580 805 668 circumdatur
817 599 896 638 auro.

158 667 169 674 ⁸
241 661 322 735 Turn
336 678 378 735 sic
394 677 524 752 reginam
538 677 712 752 adloquitur,
727 678 899 752 cunctisque
912 687 1034 754 repente
1073 703 1081 716 ·

173 801 177 811 ³
202 775 375 849 improvisus
389 775 447 832 ait:
472 774 607 844 ‘Coram
623 792 713 848 quern
726 775 873 848 quae'n'tis,
888 774 1001 848 adsum,

201 872 306 930 Troius
321 874 446 941 Aeneas,
463 870 579 946 Lybicis
594 880 710 945 ereptus
726 871 763 929 ab
778 870 873 930 undis.

203 969 231 1028 Ο
246 969 307 1026 sola
321 967 456 1026 infandos
469 967 576 1025 Troiae
590 967 726 1025 miserata
739 967 861 1040 labores,

202 1083 277 1140 quae
292 1085 356 1136 nos,
370 1066 504 1140 reliquias
520 1065 667 1134 Danaum,
682 1073 832 1139 terraeque
846 1067 992 1141 marisque
1073 1093 1078 1100 ·

202 1163 338 1221 omnibus
353 1163 509 1221 exhaustos
524 1162 581 1218 iarn
597 1162 720 1232 casibus,
735 1162 868 1220 omnium
882 1180 1001 1238 egenos,

201 1260 282 1330 urbe,
298 1259 397 1330 domo,
413 1259 516 1342 socias,
531 1267 626 1333 grates
640 1259 804 1334 persolvere
818 1259 921 1334 dignas

201 1374 263 1414 non
277 1357 341 1431 opis
356 1367 400 1414 est
413 1365 539 1428 nostrae,
555 1353 645 1426 Dido,
660 1373 719 1418 nec
732 1356 873 1430 quicquid
886 1356 994 1432 ubique
1009 1367 1054 1416 est

201 1455 294 1528 gentis
311 1453 486 1526 Dardaniae,
503 1473 642 1530 magnum
657 1472 732 1528 quae
747 1472 846 1527 sparsa
859 1473 912 1530 per
924 1457 1037 1515 orbern.

201 1552 241 1609 Di
255 1550 316 1622 tibi,
331 1551 354 1608 si
369 1570 428 1626 qua
440 1552 505 1630 pips
518 1559 684 1626 respectant
698 1550 827 1621 numina,
842 1551 867 1608 si
881 1550 953 1625 quid

200 1665 324 1722 nsquam
340 1649 447 1706 iustitia
461 1659 547 1707 estet
561 1665 644 1730 mens
658 1647 713 1704 sibi
728 1647 848 1719 conscia
860 1649 941 1718 recti,

200 1746 330 1820 praemia
345 1745 433 1820 digna
446 1746 548 1803 ferant.
591 1745 675 1819 Quae
689 1754 792 1802 tetam
806 1744 882 1801 laeta
895 1746 1022 1803 tulerunt

200 1843 337 1900 saecula?
378 1843 437 1916 Qui
452 1843 524 1900 tanti
537 1842 625 1900 talem
640 1859 767 1916 genuere
782 1842 940 1916 parentes?

201 1941 236 1998 In
251 1940 322 1998 freta
336 1940 407 1998 dum
422 1940 500 1997 fluvii
515 1948 639 2011 current,
655 1938 726 1996 dum
742 1938 890 1996 montibus
904 1938 1024 1997 umbrae

199 2037 359 2095 lustrabunt
374 2055 514 2108 convexa,
529 2036 614 2110 polus
629 2035 699 2093 dum
714 2034 810 2092 sidera
826 2045 936 2109 pascet,

199 2151 316 2209 semper
330 2135 424 2192 honos
438 2150 606 2207 nomenque
621 2142 704 2190 tuum
718 2132 879 2206 laudesque
895 2132 1063 2203 manebunt,

200 2249 275 2304 quae
290 2249 338 2288 me
353 2248 480 2305 cumque
494 2239 601 2288 vocant
615 2231 727 2286 temate)
769 2229 818 2286 Sic
835 2229 919 2299 fatus,
930 2229 1058 2287 amicum

200 2328 312 2385 Ilionea
326 2329 399 2402 petit
413 2328 523 2398 dextra,
539 2327 679 2402 laevaque
694 2327 850 2407 Serestum,

198 2434 266 2499 post
279 2424 359 2495 alios,
375 2425 538 2500 sortemque
554 2425 639 2498 Gyan
653 2424 817 2499 fortemque
833 2425 1022 2484 Cloanthum.

240 2521 388 2597 Obstipuit
402 2522 496 2596 primo
511 2531 631 2597 aspectu
647 2520 768 2580 Sidonia
784 2522 874 2594 Dido,

199 2637 268 2676 casu
283 2618 391 2676 deinde
405 2619 457 2676 viri
470 2629 561 2689 tanto,
577 2629 606 2675 et
620 2617 661 2689 sic
677 2636 727 2675 ore
741 2619 840 2677 locuta
854 2630 915 2678 est:

199 2716 293 2789 ‘Quis
307 2726 345 2787 te,
360 2727 427 2773 nate
443 2716 509 2788 dea,
524 2735 576 2791 per
590 2727 670 2774 tanta
684 2719 814 2792 pericula
828 2738 913 2777 casus

92 2891 95 2898 Ι
197 2813 378 2888 insequitur?
418 2814 502 2887 Quae
517 2815 559 2900 vis
574 2813 749 2872 immanibus
765 2817 893 2891 applicat
907 2817 985 2875 oris?

196 2911 281 2967 Tune
297 2910 343 2968 ille
358 2912 481 2982 Aeneas,
497 2930 585 2986 quem
602 2913 754 2970 Dardanio
769 2915 914 2971 Anchisae

197 3009 274 3065 alma
287 3009 387 3065 Venus
403 3008 517 3084 Phrygii
531 3011 631 3084 genuit
646 3011 802 3069 Simoentis
816 3010 855 3068 ad
869 3009 1001 3071 undam?

197 3107 294 3178 Atque
309 3105 448 3178 equidem
461 3106 610 3165 Teucrum
625 3108 747 3190 memini
761 3107 872 3166 Sidona
884 3108 983 3164 venire

197 3201 302 3260 finibus
318 3203 469 3277 expulsum
483 3205 591 3279 patriis,
607 3223 683 3262 nova
696 3223 787 3280 regna
800 3213 951 3290 petentem

198 3299 303 3357 auxilio
318 3300 399 3372 Beli;
421 3303 536 3382 genitor
549 3311 613 3360 tum
628 3301 714 3360 Belus
729 3302 859 3376 opimam

196 3397 327 3454 vastabat
342 3397 481 3473 Cypmm,
497 3408 526 3455 et
540 3398 633 3456 victor
647 3397 765 3478 dicione
780 3399 908 3457 tenebat.
948 3402 950 3407 ’

196 3493 343 3567 Tempore
358 3495 416 3552 iarn
432 3513 468 3552 ex
483 3495 531 3552 illo
546 3512 630 3553 casus
645 3495 717 3552 mihi
731 3495 865 3570 cognitus
875 3494 954 3552 urbis
969 3523 973 3528 ·

195 3590 340 3647 Troianae
354 3609 522 3664 nomenque
538 3602 620 3648 tuum
634 3609 776 3666 regesque
791 3591 912 3665 Pelasgi.

197 3687 265 3761 Ipse
280 3687 371 3744 hostis
384 3688 516 3745 Teucros
530 3688 635 3762 insigni
648 3687 736 3745 laude
750 3689 869 3759 ferebat,

325 3814 498 3861 mammis,
514 3815 542 3862 R,
716 3815 750 3850 ⁰⁰⁸
761 3816 867 3862 Comma
875 3815 957 3862 before
967 3829 1077 3863 convexa.
1092 3817 1121 3863 R
