2834 4292
218 276 276 325 122
458 278 502 325 tv.
528 261 715 344 Departure
727 263 824 345 srom
844 262 1017 347 Carthage.
1146 272 1271 339 [mnam.

213 444 338 519 accipit:
360 444 539 521 ingeminant
554 464 652 516 curae,
668 465 825 523 rursusque
837 467 992 525 resurgens

213 542 306 599 saevit
319 560 410 614 amor,
426 560 592 619 magnoque
606 544 712 602 irarum
726 544 846 603 fluctuat
858 556 950 604 aestu.

213 638 261 697 Sic
272 636 348 697 adeo
363 639 476 712 insistit,
491 657 651 714 secumque
666 642 705 697 ita
719 642 809 700 corde
823 642 951 702 volutat:

255 736 328 807 ιΕη,
344 736 415 811 quid
430 738 508 811 ago?
549 737 698 795 Rursusne
714 756 820 813 procos
835 742 922 798 inrisa
935 741 1046 817 priores

213 832 352 907 experiar,
369 834 598 909 Nomadumque
613 843 713 909 petam
726 838 855 895 conubia
867 839 1000 913 supplex,

212 946 287 1003 quos
301 947 357 1005 ego
372 931 427 987 sim
441 931 547 989 totiens
562 932 621 989 iam
635 930 794 1007 dedignata
807 935 947 993 maritos?

213 1026 317 1082 Iliacas
332 1027 417 1101 igitur
431 1028 536 1086 classes
552 1038 639 1103 atque
654 1030 756 1087 ultima
768 1031 916 1089 Teucmm

212 1122 290 1179 iussa
304 1124 429 1197 sequar?
470 1125 585 1198 Quiane
597 1126 704 1185 auxilio
718 1128 797 1185 iuvat
811 1138 879 1187 ante
893 1131 1012 1202 levatos,

213 1230 243 1277 et
257 1219 333 1278 bene
347 1220 427 1295 apud
442 1240 587 1281 memores
601 1224 704 1281 veteris
719 1233 775 1281 stat
789 1227 881 1298 gratia
893 1226 982 1285 lacti?

214 1317 287 1391 Quis
303 1336 350 1375 me
365 1329 472 1389 autem,
487 1319 533 1376 fac
547 1320 632 1391 velle,
648 1320 733 1390 sinet,
747 1322 893 1380 ratibusve
908 1324 1039 1398 superbis

212 1415 335 1473 invisam
349 1417 495 1493 accipiet?
536 1416 641 1475 Nescis
656 1418 723 1489 heu,
738 1419 861 1493 perdita,
875 1420 1006 1479 necdum

213 1514 454 1573 Laomedonteae
469 1513 557 1571 sentis
569 1514 694 1589 periuria
706 1517 822 1591 gentis?

213 1612 380 1688 Quidtum,
395 1613 456 1671 sola
469 1611 538 1687 fuga
548 1621 651 1670 nautas
666 1614 830 1672 comitabor
842 1625 972 1688 ovantes,

213 1732 250 1771 an
265 1713 358 1788 Tyriis
373 1712 513 1787 omnique
528 1730 616 1770 manu
631 1712 736 1786 stipata
750 1729 884 1770 meomm

213 1812 327 1882 inferar,
342 1821 380 1881 et,
395 1828 470 1884 quos
484 1808 605 1868 Sidonia
618 1810 667 1866 vix
680 1810 752 1867 urbe
766 1809 873 1881 revelli,

212 1928 308 1968 rursus
322 1927 404 1984 agam
420 1908 533 1983 pelago,
549 1916 579 1965 et
592 1908 685 1964 ventis
700 1905 770 1964 dare
784 1907 849 1965 vela
862 1908 994 1968 iubebo?

213 2008 294 2081 Quin
308 2024 429 2075 morere,
444 2014 476 2063 ut
491 2004 593 2061 merita
608 2022 649 2074 es,
663 2004 798 2078 ferroque
813 2015 910 2063 averte
924 2004 1065 2066 dolorem.

211 2107 259 2163 Tu
273 2105 397 2163 lacrimis
416 2104 511 2161 evicta
525 2102 607 2172 meis,
624 2112 654 2159 tu
669 2102 763 2177 prima
772 2103 918 2161 furentem

214 2203 267 2272 his,
282 2220 427 2277 germana,
444 2199 525 2259 malis
540 2217 644 2257 oneras
660 2209 748 2273 atque
762 2200 855 2258 obicis
870 2200 956 2260 hosti.

215 2302 284 2357 Non
298 2300 378 2357 licuit
392 2298 510 2357 thalami
526 2308 676 2371 expertem
692 2298 754 2355 sine
768 2298 890 2356 crimine
904 2299 996 2357 vitam

214 2397 329 2472 degere,
346 2415 426 2455 more
440 2397 528 2467 serae,
544 2395 615 2452 tales
630 2414 687 2453 nec
701 2404 820 2469 tangere
834 2399 938 2454 curas!

214 2495 284 2552 Non
297 2505 409 2553 servata
423 2494 497 2552 fides
523 2493 613 2550 cineri
629 2493 773 2567 promissa
786 2494 918 2568 Sychaeo
931 2497 939 2552 l
951 2495 960 2521 '

213 2592 325 2649 Tantos
339 2592 386 2649 illa
400 2611 453 2650 suo
467 2591 623 2665 rumpebat
637 2600 759 2665 pectore
772 2602 901 2665 questus.

253 2691 367 2747 Aeneas
383 2690 460 2747 celsa
474 2690 503 2746 in
518 2689 620 2763 puppi,
636 2689 692 2745 iam
708 2699 803 2746 certus
817 2687 918 2761 eundi,

213 2787 351 2861 carpebat
365 2804 493 2857 somnos,
509 2786 596 2843 rebus
611 2786 668 2843 iam
683 2786 738 2842 rite
752 2787 868 2861 paratis

213 2886 294 2943 Huic
310 2903 340 2943 se
355 2883 449 2943 sorma
463 2884 511 2941 dei
526 2884 606 2941 voltu
619 2882 768 2941 redeuntis
782 2882 891 2941 eodem

213 2984 317 3042 obtulit
329 2983 359 3040 in
374 2983 492 3053 somnis,
508 3000 662 3056 rursusque
677 2982 719 3038 ita
732 2981 793 3038 visa
806 2998 927 3039 monere
940 2989 1032 3039 est-

213 3082 311 3139 omnia
326 3080 473 3139 Mercurio
489 3079 597 3150 similis,
612 3096 778 3153 vocemque
794 3080 983 3154 coloremque

213 3190 242 3236 et
256 3180 342 3237 crinis
357 3178 445 3237 flavos
460 3189 490 3235 et
504 3177 637 3235 membra
650 3176 760 3235 decora
773 3178 907 3235 iuventa:

213 3278 308 3335 ‘Nate
323 3277 388 3349 dea,
404 3287 488 3352 potes
503 3276 561 3334 hoc
576 3276 630 3333 sub
645 3294 714 3333 casu
729 3274 838 3332 ducere
852 3293 981 3347 somnos,

212 3394 277 3447 nec,
293 3394 368 3450 quae
383 3384 411 3433 te
427 3376 537 3432 circum
552 3383 629 3431 stent
644 3372 754 3430 deinde
769 3373 905 3447 pericula,
920 3372 1025 3445 cernis,

213 3473 345 3543 demens,
361 3491 417 3531 nec
432 3472 580 3547 Zephyros
596 3469 679 3527 audis
694 3470 803 3545 spirare
818 3467 989 3529 secundos?

213 3570 267 3629 Illa
281 3569 365 3627 dolos
380 3570 534 3643 dirumque
549 3568 630 3625 nefas
645 3568 673 3624 in
690 3577 809 3642 pectore
824 3575 926 3638 versat,

212 3676 294 3725 certa
306 3668 389 3739 mori,
403 3667 541 3742 varioque
557 3666 661 3723 irarum
676 3662 796 3722 fluctuat
810 3672 901 3721 aestu.

329 3792 361 3825 sn
372 3794 422 3838 and
432 3793 466 3826 aas
477 3792 535 3837 aster
543 3789 583 3837 ns,
600 3790 628 3841 R,
783 3789 817 3823 ὅθ
827 3792 942 3840 iuventae.
958 3794 987 3840 R
998 3794 1032 3841 Η.

329 3864 363 3898 om
373 3870 492 3911 mmst,
508 3865 536 3909 R
783 3862 815 3896 ⁵⁶4
825 3866 905 3907 varios
915 3898 920 3910 .
932 3899 938 3910 .
949 3900 955 3911 .
966 3870 1067 3911 concitat
1074 3874 1158 3916 aestus.
1173 3871 1203 3917 ll.
