2834 4292
211 287 253 350 62
538 305 572 352 11.
597 287 662 352 The
683 289 764 353 Fall
782 292 824 373 os
843 290 935 374 Troy.
1140 303 1268 369 [AEuarn.

211 469 303 542 finxit,
316 488 424 530 vanum
439 471 527 530 etiam
542 471 777 549 mendacemque
791 475 926 555 improba
937 477 1038 554 finget

212 567 316 626 Fando
330 569 450 644 aliquod
464 570 488 628 si
502 570 574 628 lorte
589 580 652 628 tuas
666 573 798 646 pervenit
811 573 851 631 ad
865 575 940 633 auris

213 663 331 723 Belidae
345 684 453 724 nomen
469 666 632 726 Palamedis
646 680 675 724 et
689 669 798 727 incluta
812 671 892 729 sama

211 762 310 836 gloria,
324 779 412 838 quern
428 764 498 822 falsa
511 765 565 821 sub
579 764 746 840 proditione
761 767 872 841 Pelasgi

211 859 357 917 insontem
371 859 492 918 infando
507 859 627 933 indicio,
642 861 713 936 quia
725 863 801 920 bella
814 864 940 936 vetabat,

212 954 356 1014 demisere
371 957 446 1028 neci,
461 975 540 1016 nnnc
554 975 669 1016 cassum
684 958 794 1016 lumine
808 960 917 1035 lugent.

212 1053 257 1110 llli
272 1071 319 1111 me
334 1055 474 1113 comitem
488 1064 517 1112 et
531 1055 783 1130 consanguinitate
797 1058 995 1132 propinquum

211 1168 322 1226 pauper
336 1151 366 1208 in
380 1169 459 1210 arma
474 1162 555 1226 pater
568 1152 667 1226 primis
683 1152 741 1210 huc
756 1154 835 1212 misit
847 1156 886 1214 ab
900 1156 993 1227 aunis,

211 1246 282 1304 dum
297 1247 391 1306 stabat
404 1265 494 1322 regno
509 1249 662 1306 incolumis
677 1267 838 1325 regumque
852 1253 968 1326 vigebat

211 1345 347 1416 consiliis,
362 1354 391 1403 et
405 1363 459 1403 nos
473 1345 593 1420 aliquod
606 1363 775 1420 nomenque
789 1346 941 1424 decusque

211 1443 360 1518 gessimus.
405 1441 519 1500 Invidia
533 1453 688 1518 postquam
703 1443 822 1518 pellacis
836 1441 965 1504 Ulixi-

211 1539 290 1598 haud
304 1541 403 1614 ignota
416 1539 568 1614 loquor-
577 1540 687 1614 superis
701 1542 848 1599 concessit
861 1543 899 1600 ab
912 1543 978 1615 oris,

211 1636 344 1695 adflictus
359 1637 446 1693 vitam
461 1636 631 1694 intenebris
645 1637 784 1711 luctuque
798 1639 960 1710 trahebam,

211 1745 241 1793 et
255 1753 355 1808 casum
370 1734 491 1792 insontis
507 1751 624 1790 mecum
639 1732 811 1808 indignabar
824 1737 921 1794 amici.

182 1811 196 1822 ⁸
213 1834 278 1891 Nec
293 1831 371 1889 tacui
385 1829 517 1901 demenS,
532 1840 562 1888 et
576 1847 634 1901 me,
648 1831 706 1888 fors
721 1832 745 1890 si
759 1849 818 1906 qua
830 1832 950 1902 tulisset,

212 1931 235 1988 si
250 1928 359 2004 patrios
373 1945 514 2002 umquam
528 1946 705 1985 remeassem
719 1928 812 1986 victor
824 1929 863 1988 ad
877 1933 979 2005 Argos,

211 2026 331 2103 promisi
346 2026 478 2096 ultorem,
494 2036 523 2082 et
537 2025 630 2084 verbis
645 2025 715 2083 odia
729 2043 830 2100 aspera
843 2028 932 2085 movi.
1003 2061 1006 2064 ·

214 2125 295 2182 Hinc
309 2123 379 2180 mihi
394 2123 487 2197 prima
501 2122 569 2179 mali
582 2122 671 2194 labes,
687 2123 757 2180 hinc
770 2141 888 2198 semper
899 2125 1003 2184 Ulixes

213 2195 380 2278 criminibus
394 2230 500 2277 terrere
515 2219 607 2290 novis,
623 2220 691 2277 hinc
705 2239 840 2296 spargere
853 2239 942 2280 voces

212 2319 243 2377 in
257 2318 374 2392 volgum
389 2317 548 2391 ambiguas,
564 2327 593 2374 et
607 2334 746 2391 quaerere
761 2318 895 2375 conscius
909 2336 999 2376 arma.

214 2417 280 2474 Nec
294 2415 435 2489 requievit
449 2413 536 2484 enim,
551 2414 659 2485 donec,
674 2415 835 2473 Calchante
849 2415 1028 2473 ministro-

214 2514 266 2572 sed
281 2511 352 2588 quid
367 2529 423 2586 ego
439 2510 512 2568 haec
525 2521 624 2570 autem
638 2513 818 2586 nequiquam
832 2513 943 2587 ingrata
956 2513 1096 2572 revolvo?

215 2613 330 2688 Quidve
346 2631 451 2682 moror,
468 2612 491 2670 si
507 2611 602 2668 omnis
616 2627 675 2666 uno
690 2608 793 2666 ordine
807 2609 919 2667 habetis
934 2610 1070 2682 Achivos,

213 2711 303 2787 idque
317 2711 417 2770 audire
432 2719 476 2768 sat
490 2710 554 2766 est?
596 2693 776 2786 Iamdudum
789 2707 894 2765 sumite
908 2725 1040 2781 poenas,

215 2809 272 2868 hoc
288 2808 406 2890 Ithacus
420 2807 496 2874 velit,
512 2815 542 2864 et
556 2821 664 2877 magno
679 2813 845 2861 mercentur
858 2803 997 2862 Atridae!

254 2908 331 2964 Tum
345 2923 414 2962 vero
428 2903 564 2962 ardemus
580 2901 676 2958 scitari
691 2909 721 2957 et
734 2917 874 2974 quaerere
888 2918 1001 2972 causas,

214 3004 306 3078 ignari
320 3003 462 3060 scelerum
477 3009 622 3058 tantorum
638 2997 763 3074 artisque
779 2997 927 3073 Pelasgae.

216 3101 401 3175 Prosequitur
414 3097 554 3174 pavitans,
570 3106 599 3154 et
613 3097 683 3154 ficto
697 3105 818 3171 pectore
833 3095 925 3152 latur:
957 3135 962 3142 .

256 3199 367 3271 ‘Saepe
382 3196 480 3270 fugam
497 3193 592 3251 Danai
605 3193 694 3250 Troia
707 3193 826 3267 cupiere
841 3192 943 3250 relicta

215 3295 317 3364 moliri,
332 3303 361 3350 et
376 3293 464 3366 longo
479 3291 545 3348 lessi
559 3288 712 3348 discedere
725 3290 824 3360 bello;

215 3371 410 3463 fecissentque
424 3389 553 3446 utinam!
596 3388 689 3460 Saepe
704 3387 768 3444 illos
781 3403 884 3461 aspera
898 3385 982 3460 ponti

214 3487 374 3546 interclusit
388 3486 511 3558 hiemps,
527 3495 557 3542 et
570 3484 669 3541 terruit
684 3485 789 3540 Auster
803 3483 906 3540 euntis.

217 3583 385 3658 Praecipue,
402 3599 469 3638 cum
484 3581 541 3637 iam
556 3579 603 3636 hic
617 3579 746 3638 trabibus
760 3582 915 3636 contextus
929 3577 1046 3638 acernis

216 3688 304 3739 staret
318 3696 419 3754 equus,
434 3687 497 3735 toto
512 3685 671 3735 sonuerunt
685 3676 802 3733 aethere
817 3675 920 3734 nimbi.

217 3775 355 3852 Suspensi
370 3774 546 3850 Eurypylum
562 3774 716 3831 scitantem
727 3765 848 3830 'oracula
862 3772 974 3831 Phoebi
