2834 4292
131 310 178 371 tv·
191 311 264 378 395]
410 303 511 369 Scom
534 304 607 369 and
628 303 740 369 Wratlt
761 305 803 386 os
818 304 917 370 Dedo.
1132 318 1194 385 t17

172 488 258 546 Talia
272 487 423 547 dicentem
438 488 612 549 iamdudum
625 508 727 547 aversa
739 498 844 561 tuetur,

132 587 192 643 hue
207 586 276 643 illuc
291 586 410 645 volvens
425 585 536 658 oculos,
551 596 704 662 totumque
719 594 847 661 pererrat

132 684 291 743 luminibus
306 684 411 755 tacitis,
426 683 512 742 etsie
526 700 653 741 accensa
666 684 813 758 protatur:

134 784 223 841 ‘Nec
239 780 291 837 tibi
308 779 375 838 diva
388 798 502 855 parens,
517 781 631 855 generis
645 798 703 839 nec
718 780 874 839 Dardanus
887 790 999 854 auctor,

133 880 267 956 perfide3
290 876 343 937 sed
359 876 438 935 duris
452 878 553 953 genuit
567 887 596 935 te
611 878 745 936 cautibus
760 879 879 955 horrens

134 980 296 1048 Caucasus,
313 976 530 1051 Hyrcanaeque
544 974 702 1033 'admorunt
716 976 806 1033 ubera
819 976 916 1051 tigres.

134 1078 214 1133 Nam
229 1073 302 1150 quid
317 1071 477 1143 dissimulo,
492 1081 543 1130 aut
556 1090 632 1146 quae
647 1090 695 1131 me
710 1072 750 1129 ad
764 1072 874 1130 maiora
887 1074 1025 1132 reservo?

133 1175 217 1231 Num
232 1172 302 1229 fletu
315 1169 458 1245 ingemuit
472 1171 594 1227 nostro?
634 1171 716 1228 Num
729 1170 839 1228 lumina
852 1170 952 1228 flexit?

133 1273 218 1329 Num
232 1270 364 1327 lacrimas
380 1268 473 1325 victus
487 1266 579 1338 dedit,
594 1278 645 1325 aut
659 1267 813 1325 miseratus
824 1276 972 1325 amantem
986 1268 1052 1325 est?

133 1369 221 1442 Quae
237 1367 341 1441 quibus
357 1365 539 1426 anteferam?
581 1366 644 1423 Iam
660 1364 718 1421 iam
733 1382 790 1421 nec
803 1382 942 1422 maxuma
956 1366 1042 1436 Iuno,

131 1484 193 1523 nec
208 1465 356 1541 Saturnius
371 1464 445 1521 haec
459 1461 553 1519 oculis
567 1472 651 1536 pater
663 1461 768 1536 aspicit
780 1461 892 1537 aequis.

132 1564 291 1636 Nusquam
305 1571 367 1619 tuta
380 1560 465 1620 fides.
509 1559 646 1617 Eiectum
660 1559 753 1630 litore,
768 1568 904 1633 egentem

132 1660 250 1735 excepi,
266 1668 296 1717 et
309 1659 390 1733 regni
406 1656 529 1715 demens
545 1656 576 1715 in
590 1666 671 1731 parte
686 1655 801 1728 locavi3

131 1757 272 1815 amissam
287 1755 419 1825 classem,
435 1754 533 1813 socios
546 1772 565 1811 a
578 1762 671 1811 morte
686 1752 798 1811 reduxi.

133 1856 209 1913 Heu
223 1855 301 1912 furiis
316 1854 435 1911 incensa
449 1852 544 1911 feror!
587 1851 616 1908 N
619 1868 676 1909 unc
691 1868 782 1925 augur
795 1851 911 1926 Apollo,

132 1970 216 2011 nunc
232 1952 338 2027 Lyciae
353 1961 454 2021 sortes,
470 1967 549 2008 nunc
564 1959 595 2007 et
609 1948 681 2007 Iove
695 1948 800 2006 missus
814 1949 853 2007 ab
866 1949 931 2025 ipso

131 2051 278 2123 interpres
292 2047 391 2106 divom
406 2048 461 2106 lert
477 2045 595 2105 horrida
609 2046 687 2103 iussa
699 2062 754 2119 per
767 2062 860 2104 auras.

132 2147 254 2205 Scilicet
268 2146 291 2203 is
305 2146 422 2220 Superis
436 2146 517 2203 labor
533 2154 586 2215 est,
601 2160 637 2201 ea
651 2160 722 2200 eura
735 2142 851 2217 quietos

132 2244 279 2303 sollicitat.
323 2244 428 2318 Neque
442 2253 472 2300 te
486 2252 584 2311 teneo,
601 2256 698 2315 neque
715 2238 796 2299 dicta
808 2240 918 2301 refello.

132 2346 159 2413 Ι,
175 2360 299 2417 sequere
315 2344 429 2402 Italiam
443 2343 546 2412 ventis,
562 2352 630 2417 pete
647 2358 738 2415 regna
752 2356 805 2415 per
818 2337 922 2397 undas.

132 2443 229 2515 Spero
243 2440 382 2514 equidem
397 2439 510 2511 mediis,
525 2439 636 2514 siquid
651 2440 700 2515 pia
715 2439 837 2498 numina
849 2446 981 2514 possunt,

132 2538 280 2613 supplicia
293 2538 450 2596 hausurum
464 2538 602 2613 scopulis,
618 2547 648 2596 et
661 2538 785 2596 nomine
797 2536 878 2595 Dido

131 2653 225 2710 saepe
239 2645 419 2694 vocaturum.
462 2636 572 2711 Sequar
585 2637 653 2695 atris
667 2637 783 2713 ignibus
797 2637 912 2708 absens,

132 2745 172 2804 et,
188 2751 257 2790 cum
272 2731 375 2807 frigida
388 2750 466 2791 mors
480 2733 580 2793 anima
593 2735 743 2795 seduxerit
755 2744 843 2804 artus,

131 2831 272 2889 omnibus
287 2830 390 2888 umbra
402 2830 473 2887 locis
488 2831 587 2891 adero.
631 2833 733 2902 Dabis,
748 2831 892 2907 improbe,
906 2847 1028 2905 poenas·

132 2928 272 2997 Audiam,
287 2937 317 2985 et
331 2928 405 2985 haec
421 2929 518 2987 Manis
533 2930 632 2989 veniet
647 2930 720 2987 mihi
733 2929 811 2987 fama
825 2929 879 2987 sub
892 2928 988 2985 imos.’

133 3026 192 3083 His
209 3024 341 3083 medium
355 3024 441 3084 dietis
457 3046 624 3087 sermonem
639 3027 795 3101 abrumpit,
810 3036 841 3084 et
853 3044 938 3084 auras

132 3141 222 3199 aegra
235 3123 316 3197 fugit,
332 3141 423 3197 seque
438 3144 474 3184 ex
488 3127 581 3186 oculis
595 3126 696 3184 avertit
711 3135 742 3183 et
755 3124 857 3194 aufert,

132 3220 270 3295 linquens
284 3220 375 3278 multa
390 3236 469 3285 metu
486 3232 675 3281 cunctantem
690 3232 720 3280 et
733 3221 825 3279 multa
838 3228 991 3295 parantem

133 3317 244 3375 dicere.
286 3319 455 3396 Suscipiunt
468 3320 602 3391 famulae,
618 3321 817 3394 conlapsaque
831 3316 964 3376 membra

133 3435 300 3476 marmoreo
313 3420 442 3478 referunt
455 3419 585 3477 thalamo
599 3418 752 3491 stratisque
766 3423 923 3492 reponunt.

173 3517 214 3572 At
227 3514 294 3589 pius
309 3520 437 3586 Aeneas,
452 3534 631 3592 quamquam
644 3514 735 3572 lenire
749 3512 903 3572 dolentem

134 3612 261 3672 solando
275 3616 358 3690 cupit
372 3623 402 3672 et
416 3613 502 3672 dictis
516 3622 644 3671 avertere
659 3629 753 3681 curas,

134 3714 227 3772 multa
241 3730 363 3787 gemens
378 3728 544 3787 magnoque
559 3710 690 3767 animum
705 3708 865 3766 labefactus
880 3722 990 3776 amore,
1148 3710 1192 3758 395

135 3840 317 3888 ⁸⁸²r'atrdudum.
333 3840 362 3887 R.
390 3838 578 3885 mamanensi.
595 3838 622 3885 R.
652 3835 850 3895 ⁸⁸⁶⁷Suspeered
860 3834 931 3891 byR.
960 3832 991 3867 ⁸⁹¹
1010 3831 1146 3887 succipiunt.
1162 3830 1191 3876 R.
