2834 4292
153 299 177 351 1.
189 301 260 368 591]
460 292 526 356 The
548 292 679 375 Appeal
697 294 739 374 of
754 291 907 356 Ilioneus.

153 486 185 535 at
197 477 271 534 freta
284 476 416 536 Sicaniae
431 477 533 535 saltem
547 475 692 552 sedesque
706 486 830 552 paratas,

152 572 235 631 unde
250 573 309 631 huc
322 574 449 645 advecti,
462 585 620 650 regemque
634 583 770 649 petamus
784 573 932 632 Acesten)

127 658 145 672 ⁹
194 661 315 730 Talibus
330 671 479 745 Ilioneus,
500 671 601 730 cuncti
613 670 700 730 simul
712 688 764 762 ore
777 670 941 730 fremebant

152 766 354 827 Dardanidae.

194 866 273 923 Tum
286 864 411 924 breviter
425 863 515 936 Dido,
530 863 641 924 voltum
655 863 793 935 demissa,
807 864 954 940 profatur:

153 960 279 1019 ‘Solvite
294 960 385 1018 corde
399 971 520 1032 metum,
534 959 651 1031 Teucri,
667 958 811 1018 secludite
824 977 919 1020 curas.

151 1059 217 1115 Res
231 1056 305 1114 dura
319 1068 349 1114 et
361 1058 443 1132 regni
456 1057 569 1117 nautas
583 1073 631 1114 me
646 1056 716 1138 talia
728 1066 840 1132 cogunt

150 1155 257 1225 moliri,
273 1163 302 1212 et
315 1154 372 1212 late
387 1154 452 1212 finis
466 1151 590 1212 custode
604 1153 688 1212 meri.

152 1252 229 1326 Quis
243 1269 335 1326 genus
349 1249 533 1321 Aeneadum,
549 1250 614 1325 quis
627 1250 734 1311 Troiae
747 1250 861 1310 nesciat
874 1250 986 1323 urbem,

150 1349 332 1434 virtutesque
344 1348 490 1430 virosque,
503 1354 555 1405 aut
568 1347 641 1405 tanti
654 1346 793 1406 incendia
806 1347 895 1406 belli?

152 1446 226 1504 Non
240 1445 344 1504 obtusa
357 1443 436 1502 adeo
449 1453 595 1520 gestamus
609 1453 732 1518 pectora
745 1445 848 1516 Poeni,

150 1551 285 1601 nectam
299 1559 415 1601 aversus
429 1559 522 1616 equos
535 1541 623 1616 Tyria
637 1541 686 1600 Sol
699 1541 792 1616 iungit
806 1541 845 1600 ab
858 1541 941 1600 urbe.

151 1641 212 1721 Seu
225 1657 278 1697 vos
293 1638 469 1713 Hesperiam
483 1656 620 1714 magnam
634 1638 824 1714 Saturniaque
836 1655 914 1709 arva,

150 1739 214 1796 sive
229 1736 331 1813 Erycis
344 1736 411 1794 finis
424 1753 581 1812 regemque
596 1735 704 1812 optatis
718 1737 857 1805 Acesten,

151 1834 260 1916 aurqilio
274 1842 353 1892 tutos
368 1832 523 1904 dimittam,
537 1833 703 1908 opibusque
719 1831 836 1892 iuvabo.

150 1931 247 1990 Voltis
261 1930 348 1990 ethis
363 1947 481 1988 mecum
495 1929 601 2012 pariter
612 1927 766 1988 considere
780 1928 897 2004 regnis3

151 2028 257 2087 urbem
271 2045 361 2103 quam
374 2036 471 2086 statuo
486 2035 580 2084 vestra
594 2035 646 2096 est,
661 2025 817 2084 subducite
831 2025 931 2094 navis3

135 2126 228 2210 [Tros
240 2125 404 2201 Tyriusque
418 2124 490 2182 mihi
504 2123 584 2182 nullo
598 2121 766 2182 discrimine
782 2131 892 2198 agetur.

152 2225 251 2298 Atque
265 2222 377 2280 utinam
390 2238 442 2279 rex
455 2221 519 2296 ipse
534 2221 615 2278 Noto
629 2219 800 2294 compulsus
812 2218 923 2278 eodem

152 2319 269 2380 adforet
282 2321 399 2377 Aeneas
412 2321 419 2376 l
462 2315 610 2391 Equidem
624 2333 678 2391 per
691 2317 776 2374 litora
788 2325 886 2374 certos

153 2416 300 2475 dimittam
314 2425 344 2473 et
359 2415 468 2490 Libyae
484 2414 603 2472 lustrare
618 2421 748 2470 extrema
761 2413 880 2485 iubebo,

153 2515 177 2572 si
191 2515 297 2590 quibus
312 2513 423 2572 eiectus
438 2511 515 2569 silvis
529 2519 579 2568 aut
593 2509 712 2568 urbibus
726 2511 820 2568 errat!

195 2612 254 2669 His
267 2611 399 2670 animum
414 2608 518 2687 arrecti
533 2606 619 2666 dictis
633 2615 663 2666 et
676 2607 757 2666 fortis
771 2606 899 2665 Achates

154 2719 183 2768 et
196 2719 281 2784 pater
295 2711 410 2767 Aeneas
424 2705 598 2765 iamdudum
611 2721 765 2780 emmpere
779 2704 890 2762 nubem

152 2805 305 2866 ardebant
347 2804 429 2864 Prior
441 2805 566 2862 Aenean
579 2801 737 2894 comgellat
746 2801 894 2860 Achates:

154 2903 249 2962 ‘Nate
263 2901 330 2974 dea,
345 2919 422 2977 quae
436 2918 517 2958 nunc
531 2899 632 2958 animo
644 2898 789 2958 sententia
802 2898 913 2974 surgit?

153 2999 255 3058 omnia
268 3009 330 3057 tuta
343 2996 435 3069 vides,
451 2997 574 3056 classem
589 2995 746 3070 sociosque
759 3003 904 3070 receptos.

152 3096 239 3156 Unus
253 3096 345 3166 abest,
361 3094 461 3154 medio
475 3095 506 3152 in
520 3093 609 3152 fluctu
625 3110 717 3168 quem
730 3091 857 3151 vidimus
871 3091 927 3167 ipsi

152 3193 357 3264 submersum
380 3190 466 3250 dictis
480 3189 661 3276 respondent
675 3197 774 3248 cetera
786 3189 904 3249 nudis!

192 3291 251 3348 Vix
266 3307 302 3348 ea
315 3289 389 3348 satus
404 3297 474 3358 erat,
489 3305 559 3346 cum
572 3286 750 3346 circumfusa
763 3295 885 3362 repente

152 3386 262 3446 scindit
276 3404 308 3444 se
321 3385 415 3445 nubes
429 3394 459 3443 et
473 3384 503 3444 in
517 3383 637 3444 aethera
649 3392 755 3459 purgat
769 3392 912 3458 apertum.

153 3485 274 3544 Restitit
289 3486 404 3542 Aeneas
418 3481 553 3558 claraque
568 3482 598 3540 in
612 3481 677 3539 luce
691 3481 809 3551 retirlsit,

153 3598 187 3638 os
207 3597 386 3656 umerosque
407 3578 466 3638 deo
487 3579 607 3651 similis3
628 3597 756 3654 namque
769 3580 834 3654 ipsa
847 3576 987 3637 decoram

153 3678 315 3736 caesariem
329 3687 400 3735 nato
414 3677 547 3752 genetrix
560 3676 719 3750 lumenque
733 3676 868 3734 iuventae

154 3791 336 3853 purpureum
350 3782 380 3833 et
393 3774 486 3833 laetos
500 3772 593 3831 oculis
608 3770 729 3830 adflarat
743 3770 887 3830 bonores:
