<?xml version="1.0" encoding="UTF-8"?>
<!DOCTYPE html PUBLIC "-//W3C//DTD XHTML 1.0 Transitional//EN"
    "http://www.w3.org/TR/xhtml1/DTD/xhtml1-transitional.dtd">
<html xmlns="http://www.w3.org/1999/xhtml" xml:lang="en" lang="en">
 <head>
  <title>
</title>
<meta http-equiv="Content-Type" content="text/html;charset=utf-8" />
  <meta name='ocr-system' content='tesseract 3.04.00' />
  <meta name='ocr-capabilities' content='ocr_page ocr_carea ocr_par ocr_line ocrx_word'/>
</head>
<body>
  <div class='ocr_page' id='page_1' title='image "./greaterpoemsvir00kittgoog_0082.png"; bbox 0 0 2834 4292; ppageno 0'>
   <div class='ocr_carea' id='block_1_1' title="bbox 209 280 935 364">
    <p class='ocr_par' dir='ltr' id='par_1_1' title="bbox 209 280 935 364">
     <span class='ocr_line' id='line_1_1' title="bbox 209 280 935 364; baseline 0.004 -21"><span class='ocrx_word' id='word_1_1' title='bbox 209 285 254 351; x_wconf 91' lang='lat'><strong>60</strong></span> <span class='ocrx_word' id='word_1_2' title='bbox 537 299 572 348; x_wconf 87' lang='lat'><strong>11.</strong></span> <span class='ocrx_word' id='word_1_3' title='bbox 595 281 626 345; x_wconf 91' lang='lat' dir='ltr'><em>T</em></span> <span class='ocrx_word' id='word_1_4' title='bbox 620 281 662 346; x_wconf 71' lang='lat' dir='ltr'><strong>lae</strong></span> <span class='ocrx_word' id='word_1_5' title='bbox 683 280 763 345; x_wconf 86' lang='lat' dir='ltr'><strong>Fall</strong></span> <span class='ocrx_word' id='word_1_6' title='bbox 781 283 823 364; x_wconf 82' lang='lat' dir='ltr'><strong>os</strong></span> <span class='ocrx_word' id='word_1_7' title='bbox 843 281 935 364; x_wconf 86' lang='lat' dir='ltr'><em>Troy.</em></span> 
     </span>
    </p>
   </div>
   <div class='ocr_carea' id='block_1_2' title="bbox 162 467 1063 2481">
    <p class='ocr_par' dir='ltr' id='par_1_2' title="bbox 162 467 1063 2481">
     <span class='ocr_line' id='line_1_2' title="bbox 209 467 849 545; baseline -0.005 -16"><span class='ocrx_word' id='word_1_8' title='bbox 209 469 357 545; x_wconf 88' lang='lat' dir='ltr'><strong>incipiam.</strong></span> <span class='ocrx_word' id='word_1_9' title='bbox 400 467 497 528; x_wconf 86' lang='lat' dir='ltr'><strong>Fracti</strong></span> <span class='ocrx_word' id='word_1_10' title='bbox 510 467 588 528; x_wconf 90' lang='lat' dir='ltr'><strong>bello</strong></span> <span class='ocrx_word' id='word_1_11' title='bbox 602 467 727 542; x_wconf 88' lang='lat' dir='ltr'><strong>fatisque</strong></span> <span class='ocrx_word' id='word_1_12' title='bbox 740 467 849 542; x_wconf 84' lang='lat' dir='ltr'><strong>repulsi</strong></span> 
     </span>
     <span class='ocr_line' id='line_1_3' title="bbox 209 564 926 637; baseline -0.007 -11"><span class='ocrx_word' id='word_1_13' title='bbox 209 568 346 626; x_wconf 88' lang='lat' dir='ltr'><strong>ductores</strong></span> <span class='ocrx_word' id='word_1_14' title='bbox 362 566 508 636; x_wconf 87' lang='lat' dir='ltr'><strong>Danaum,</strong></span> <span class='ocrx_word' id='word_1_15' title='bbox 523 574 567 624; x_wconf 90' lang='lat' dir='ltr'><strong>tot</strong></span> <span class='ocrx_word' id='word_1_16' title='bbox 582 565 639 623; x_wconf 86' lang='lat' dir='ltr'><strong>iam</strong></span> <span class='ocrx_word' id='word_1_17' title='bbox 656 564 820 623; x_wconf 85' lang='lat' dir='ltr'><strong>labentibus</strong></span> <span class='ocrx_word' id='word_1_18' title='bbox 833 564 926 637; x_wconf 87' lang='lat' dir='ltr'><strong>annis,</strong></span> 
     </span>
     <span class='ocr_line' id='line_1_4' title="bbox 208 660 870 737; baseline -0.005 -15"><span class='ocrx_word' id='word_1_19' title='bbox 208 665 297 722; x_wconf 86' lang='lat' dir='ltr'><strong>instar</strong></span> <span class='ocrx_word' id='word_1_20' title='bbox 311 663 418 720; x_wconf 89' lang='lat' dir='ltr'><strong>montis</strong></span> <span class='ocrx_word' id='word_1_21' title='bbox 433 681 543 737; x_wconf 88' lang='lat' dir='ltr'><strong>equum</strong></span> <span class='ocrx_word' id='word_1_22' title='bbox 557 661 656 720; x_wconf 85' lang='lat' dir='ltr'><strong>divina</strong></span> <span class='ocrx_word' id='word_1_23' title='bbox 670 660 794 720; x_wconf 84' lang='lat' dir='ltr'><strong>Palladis</strong></span> <span class='ocrx_word' id='word_1_24' title='bbox 809 671 870 720; x_wconf 87' lang='lat' dir='ltr'><strong>arte</strong></span> 
     </span>
     <span class='ocr_line' id='line_1_5' title="bbox 162 759 920 834; baseline -0.003 -16"><span class='ocrx_word' id='word_1_25' title='bbox 162 825 165 832; x_wconf 30' lang='lat'><strong>¹</strong></span> <span class='ocrx_word' id='word_1_26' title='bbox 208 761 375 830; x_wconf 85' lang='lat' dir='ltr'><strong>aedificant,</strong></span> <span class='ocrx_word' id='word_1_27' title='bbox 390 768 529 834; x_wconf 89' lang='lat' dir='ltr'><strong>sectaque</strong></span> <span class='ocrx_word' id='word_1_28' title='bbox 544 759 678 817; x_wconf 87' lang='lat' dir='ltr'><strong>intexunt</strong></span> <span class='ocrx_word' id='word_1_29' title='bbox 691 759 788 817; x_wconf 86' lang='lat' dir='ltr'><strong>abiete</strong></span> <span class='ocrx_word' id='word_1_30' title='bbox 801 768 920 816; x_wconf 86' lang='lat' dir='ltr'><strong>costas:</strong></span> 
     </span>
     <span class='ocr_line' id='line_1_6' title="bbox 207 855 946 933; baseline -0.004 -16"><span class='ocrx_word' id='word_1_31' title='bbox 207 867 310 917; x_wconf 88' lang='lat' dir='ltr'><strong>votum</strong></span> <span class='ocrx_word' id='word_1_32' title='bbox 325 875 378 933; x_wconf 91' lang='lat' dir='ltr'><strong>pro</strong></span> <span class='ocrx_word' id='word_1_33' title='bbox 393 856 489 915; x_wconf 90' lang='lat' dir='ltr'><strong>reditu</strong></span> <span class='ocrx_word' id='word_1_34' title='bbox 502 855 656 927; x_wconf 83' lang='lat' dir='ltr'><strong>simulant;</strong></span> <span class='ocrx_word' id='word_1_35' title='bbox 678 873 715 913; x_wconf 83' lang='lat' dir='ltr'><strong>ea</strong></span> <span class='ocrx_word' id='word_1_36' title='bbox 728 856 805 913; x_wconf 81' lang='lat' dir='ltr'><strong>tama</strong></span> <span class='ocrx_word' id='word_1_37' title='bbox 817 865 946 930; x_wconf 78' lang='lat' dir='ltr'><strong>vagatm.</strong></span> 
     </span>
     <span class='ocr_line' id='line_1_7' title="bbox 209 951 873 1028; baseline -0.008 -14"><span class='ocrx_word' id='word_1_38' title='bbox 209 957 281 1014; x_wconf 94' lang='lat' dir='ltr'><strong>Huc</strong></span> <span class='ocrx_word' id='word_1_39' title='bbox 295 954 411 1014; x_wconf 90' lang='lat' dir='ltr'><strong>delecta</strong></span> <span class='ocrx_word' id='word_1_40' title='bbox 424 954 517 1012; x_wconf 89' lang='lat' dir='ltr'><strong>virum</strong></span> <span class='ocrx_word' id='word_1_41' title='bbox 531 953 623 1011; x_wconf 88' lang='lat' dir='ltr'><strong>sortiti</strong></span> <span class='ocrx_word' id='word_1_42' title='bbox 637 969 762 1028; x_wconf 80' lang='lat' dir='ltr'><strong>corpora</strong></span> <span class='ocrx_word' id='word_1_43' title='bbox 775 951 873 1010; x_wconf 84' lang='lat' dir='ltr'><strong>furtim</strong></span> 
     </span>
     <span class='ocr_line' id='line_1_8' title="bbox 207 1049 916 1124; baseline -0.006 -14"><span class='ocrx_word' id='word_1_44' title='bbox 207 1050 362 1110; x_wconf 91' lang='lat' dir='ltr'><strong>includunt</strong></span> <span class='ocrx_word' id='word_1_45' title='bbox 375 1067 467 1108; x_wconf 87' lang='lat' dir='ltr'><strong>caeco</strong></span> <span class='ocrx_word' id='word_1_46' title='bbox 481 1049 572 1121; x_wconf 84' lang='lat' dir='ltr'><strong>lateri,</strong></span> <span class='ocrx_word' id='word_1_47' title='bbox 587 1050 763 1124; x_wconf 83' lang='lat' dir='ltr'>penitusque</span> <span class='ocrx_word' id='word_1_48' title='bbox 777 1066 916 1107; x_wconf 85' lang='lat' dir='ltr'>cavernas</span> 
     </span>
     <span class='ocr_line' id='line_1_9' title="bbox 208 1145 928 1224; baseline -0.003 -18"><span class='ocrx_word' id='word_1_49' title='bbox 208 1149 333 1224; x_wconf 87' lang='lat' dir='ltr'><strong>ingentis</strong></span> <span class='ocrx_word' id='word_1_50' title='bbox 348 1157 521 1222; x_wconf 88' lang='lat' dir='ltr'><strong>uterumque</strong></span> <span class='ocrx_word' id='word_1_51' title='bbox 536 1156 647 1204; x_wconf 88' lang='lat' dir='ltr'><strong>armato</strong></span> <span class='ocrx_word' id='word_1_52' title='bbox 662 1146 753 1220; x_wconf 78' lang='lat' dir='ltr'><strong>milite</strong></span> <span class='ocrx_word' id='word_1_53' title='bbox 767 1145 928 1221; x_wconf 84' lang='lat' dir='ltr'><strong>complent.</strong></span> 
     </span>
     <span class='ocr_line' id='line_1_10' title="bbox 250 1242 944 1320; baseline -0.004 -17"><span class='ocrx_word' id='word_1_54' title='bbox 250 1247 303 1304; x_wconf 88' lang='lat' dir='ltr'><strong>Est</strong></span> <span class='ocrx_word' id='word_1_55' title='bbox 317 1245 346 1302; x_wconf 90' lang='lat' dir='ltr'><strong>in</strong></span> <span class='ocrx_word' id='word_1_56' title='bbox 361 1254 523 1320; x_wconf 87' lang='lat' dir='ltr'><strong>conspectu</strong></span> <span class='ocrx_word' id='word_1_57' title='bbox 537 1242 686 1316; x_wconf 87' lang='lat' dir='ltr'><strong>Tenedos,</strong></span> <span class='ocrx_word' id='word_1_58' title='bbox 702 1243 853 1301; x_wconf 88' lang='lat' dir='ltr'><strong>notissima</strong></span> <span class='ocrx_word' id='word_1_59' title='bbox 865 1243 944 1300; x_wconf 83' lang='lat' dir='ltr'><strong>lama</strong></span> 
     </span>
     <span class='ocr_line' id='line_1_11' title="bbox 207 1338 1013 1416; baseline 0 -16"><span class='ocrx_word' id='word_1_60' title='bbox 207 1342 309 1412; x_wconf 87' lang='lat' dir='ltr'><strong>insula,</strong></span> <span class='ocrx_word' id='word_1_61' title='bbox 325 1340 406 1400; x_wconf 88' lang='lat' dir='ltr'><strong>dives</strong></span> <span class='ocrx_word' id='word_1_62' title='bbox 421 1358 522 1416; x_wconf 87' lang='lat' dir='ltr'><strong>opum,</strong></span> <span class='ocrx_word' id='word_1_63' title='bbox 538 1340 644 1398; x_wconf 85' lang='lat' dir='ltr'><strong>Priami</strong></span> <span class='ocrx_word' id='word_1_64' title='bbox 657 1338 730 1397; x_wconf 92' lang='lat' dir='ltr'><strong>dum</strong></span> <span class='ocrx_word' id='word_1_65' title='bbox 743 1357 833 1413; x_wconf 86' lang='lat' dir='ltr'><strong>regna</strong></span> <span class='ocrx_word' id='word_1_66' title='bbox 846 1340 1013 1412; x_wconf 86' lang='lat' dir='ltr'><strong>manebant,</strong></span> 
     </span>
     <span class='ocr_line' id='line_1_12' title="bbox 207 1435 954 1496; baseline 0 0"><span class='ocrx_word' id='word_1_67' title='bbox 207 1455 288 1496; x_wconf 90' lang='lat' dir='ltr'><strong>nunc</strong></span> <span class='ocrx_word' id='word_1_68' title='bbox 301 1447 414 1496; x_wconf 76' lang='lat' dir='ltr'><strong>tannim</strong></span> <span class='ocrx_word' id='word_1_69' title='bbox 428 1438 508 1496; x_wconf 89' lang='lat' dir='ltr'><strong>sinus</strong></span> <span class='ocrx_word' id='word_1_70' title='bbox 522 1447 552 1494; x_wconf 87' lang='lat' dir='ltr'><strong>et</strong></span> <span class='ocrx_word' id='word_1_71' title='bbox 566 1437 652 1495; x_wconf 85' lang='lat' dir='ltr'><strong>statio</strong></span> <span class='ocrx_word' id='word_1_72' title='bbox 667 1435 817 1494; x_wconf 85' lang='lat' dir='ltr'><strong>malefida</strong></span> <span class='ocrx_word' id='word_1_73' title='bbox 831 1437 954 1496; x_wconf 90' lang='lat' dir='ltr'><strong>carinis:</strong></span> 
     </span>
     <span class='ocr_line' id='line_1_13' title="bbox 208 1532 891 1609; baseline 0 -17"><span class='ocrx_word' id='word_1_74' title='bbox 208 1535 266 1592; x_wconf 95' lang='lat' dir='ltr'><strong>huc</strong></span> <span class='ocrx_word' id='word_1_75' title='bbox 281 1552 312 1593; x_wconf 94' lang='lat' dir='ltr'><strong>se</strong></span> <span class='ocrx_word' id='word_1_76' title='bbox 326 1535 459 1609; x_wconf 91' lang='lat' dir='ltr'><strong>provecti</strong></span> <span class='ocrx_word' id='word_1_77' title='bbox 473 1534 592 1597; x_wconf 88' lang='lat' dir='ltr'><strong>deserto</strong></span> <span class='ocrx_word' id='word_1_78' title='bbox 606 1533 636 1591; x_wconf 92' lang='lat' dir='ltr'><strong>iu</strong></span> <span class='ocrx_word' id='word_1_79' title='bbox 650 1532 734 1592; x_wconf 86' lang='lat' dir='ltr'><strong>litore</strong></span> <span class='ocrx_word' id='word_1_80' title='bbox 748 1533 891 1592; x_wconf 90' lang='lat' dir='ltr'><strong>condunt.</strong></span> 
     </span>
     <span class='ocr_line' id='line_1_14' title="bbox 209 1630 913 1718; baseline -0.001 -28"><span class='ocrx_word' id='word_1_81' title='bbox 209 1633 273 1690; x_wconf 90' lang='lat' dir='ltr'><strong>Nos</strong></span> <span class='ocrx_word' id='word_1_82' title='bbox 287 1631 392 1690; x_wconf 89' lang='lat' dir='ltr'><strong>abiisse</strong></span> <span class='ocrx_word' id='word_1_83' title='bbox 405 1631 458 1688; x_wconf 87' lang='lat' dir='ltr'><strong>rati</strong></span> <span class='ocrx_word' id='word_1_84' title='bbox 473 1641 502 1689; x_wconf 89' lang='lat' dir='ltr'><strong>et</strong></span> <span class='ocrx_word' id='word_1_85' title='bbox 516 1641 605 1718; x_wconf 71' lang='lat' dir='ltr'><strong>vento</strong></span> <span class='ocrx_word' id='word_1_86' title='bbox 619 1630 737 1706; x_wconf 88' lang='lat' dir='ltr'><strong>petiisse</strong></span> <span class='ocrx_word' id='word_1_87' title='bbox 752 1632 913 1706; x_wconf 82' lang='lat' dir='ltr'><strong>Mycenas:</strong></span> 
     </span>
     <span class='ocr_line' id='line_1_15' title="bbox 208 1727 890 1804; baseline -0.003 -17"><span class='ocrx_word' id='word_1_88' title='bbox 208 1747 278 1804; x_wconf 88' lang='lat' dir='ltr'><strong>ergo</strong></span> <span class='ocrx_word' id='word_1_89' title='bbox 292 1729 387 1788; x_wconf 90' lang='lat' dir='ltr'><strong>omnis</strong></span> <span class='ocrx_word' id='word_1_90' title='bbox 402 1728 492 1803; x_wconf 87' lang='lat' dir='ltr'><strong>longo</strong></span> <span class='ocrx_word' id='word_1_91' title='bbox 506 1727 591 1787; x_wconf 87' lang='lat' dir='ltr'><strong>solvit</strong></span> <span class='ocrx_word' id='word_1_92' title='bbox 604 1745 636 1786; x_wconf 91' lang='lat' dir='ltr'><strong>se</strong></span> <span class='ocrx_word' id='word_1_93' title='bbox 650 1727 776 1785; x_wconf 85' lang='lat' dir='ltr'><strong>Teucria</strong></span> <span class='ocrx_word' id='word_1_94' title='bbox 789 1728 890 1800; x_wconf 90' lang='lat' dir='ltr'><strong>luctu;</strong></span> 
     </span>
     <span class='ocr_line' id='line_1_16' title="bbox 207 1824 944 1905; baseline 0.003 -23"><span class='ocrx_word' id='word_1_95' title='bbox 207 1824 376 1902; x_wconf 89' lang='lat' dir='ltr'><strong>panduntur</strong></span> <span class='ocrx_word' id='word_1_96' title='bbox 389 1835 491 1902; x_wconf 88' lang='lat' dir='ltr'><strong>portae</strong></span> <span class='ocrx_word' id='word_1_97' title='bbox 503 1846 511 1897; x_wconf 83' lang='lat'><em>3</em></span> <span class='ocrx_word' id='word_1_98' title='bbox 533 1826 611 1884; x_wconf 89' lang='lat' dir='ltr'><strong>iuvat</strong></span> <span class='ocrx_word' id='word_1_99' title='bbox 625 1825 665 1905; x_wconf 62' lang='lat' dir='ltr'><strong>ige</strong></span> <span class='ocrx_word' id='word_1_100' title='bbox 680 1835 710 1882; x_wconf 87' lang='lat' dir='ltr'><strong>et</strong></span> <span class='ocrx_word' id='word_1_101' title='bbox 725 1825 836 1883; x_wconf 89' lang='lat' dir='ltr'><strong>Dorica</strong></span> <span class='ocrx_word' id='word_1_102' title='bbox 848 1835 944 1884; x_wconf 86' lang='lat' dir='ltr'><strong>castra</strong></span> 
     </span>
     <span class='ocr_line' id='line_1_17' title="bbox 208 1921 902 1997; baseline 0 -17"><span class='ocrx_word' id='word_1_103' title='bbox 208 1922 397 1997; x_wconf 86' lang='lat' dir='ltr'><strong>desertosque</strong></span> <span class='ocrx_word' id='word_1_104' title='bbox 411 1921 511 1980; x_wconf 87' lang='lat' dir='ltr'><strong>videre</strong></span> <span class='ocrx_word' id='word_1_105' title='bbox 526 1922 608 1980; x_wconf 91' lang='lat' dir='ltr'><strong>locos</strong></span> <span class='ocrx_word' id='word_1_106' title='bbox 621 1922 747 1996; x_wconf 89' lang='lat' dir='ltr'><strong>litusque</strong></span> <span class='ocrx_word' id='word_1_107' title='bbox 760 1922 902 1980; x_wconf 88' lang='lat' dir='ltr'><strong>relictum.</strong></span> 
     </span>
     <span class='ocr_line' id='line_1_18' title="bbox 210 2017 1063 2095; baseline 0.002 -17"><span class='ocrx_word' id='word_1_108' title='bbox 210 2020 270 2078; x_wconf 91' lang='lat' dir='ltr'><strong>Hic</strong></span> <span class='ocrx_word' id='word_1_109' title='bbox 285 2019 437 2094; x_wconf 89' lang='lat' dir='ltr'>Dolopum</span> <span class='ocrx_word' id='word_1_110' title='bbox 452 2036 565 2089; x_wconf 86' lang='lat' dir='ltr'><strong>manus,</strong></span> <span class='ocrx_word' id='word_1_111' title='bbox 581 2019 630 2076; x_wconf 89' lang='lat' dir='ltr'><strong>hic</strong></span> <span class='ocrx_word' id='word_1_112' title='bbox 643 2035 747 2077; x_wconf 86' lang='lat' dir='ltr'><strong>saevus</strong></span> <span class='ocrx_word' id='word_1_113' title='bbox 761 2017 902 2077; x_wconf 86' lang='lat' dir='ltr'><strong>tendebat</strong></span> <span class='ocrx_word' id='word_1_114' title='bbox 916 2019 1063 2095; x_wconf 81' lang='lat' dir='ltr'><strong>Achilles3</strong></span> 
     </span>
     <span class='ocr_line' id='line_1_19' title="bbox 209 2115 958 2188; baseline 0.003 -14"><span class='ocrx_word' id='word_1_115' title='bbox 209 2116 348 2175; x_wconf 87' lang='lat' dir='ltr'><strong>classibus</strong></span> <span class='ocrx_word' id='word_1_116' title='bbox 363 2117 411 2174; x_wconf 92' lang='lat' dir='ltr'><strong>hic</strong></span> <span class='ocrx_word' id='word_1_117' title='bbox 425 2116 527 2188; x_wconf 90' lang='lat' dir='ltr'><strong>locus;</strong></span> <span class='ocrx_word' id='word_1_118' title='bbox 550 2115 597 2172; x_wconf 92' lang='lat' dir='ltr'><strong>hic</strong></span> <span class='ocrx_word' id='word_1_119' title='bbox 612 2116 675 2173; x_wconf 89' lang='lat' dir='ltr'><strong>acie</strong></span> <span class='ocrx_word' id='word_1_120' title='bbox 690 2124 802 2173; x_wconf 87' lang='lat' dir='ltr'><strong>certare</strong></span> <span class='ocrx_word' id='word_1_121' title='bbox 816 2117 958 2176; x_wconf 83' lang='lat' dir='ltr'><strong>solebant</strong></span> 
     </span>
     <span class='ocr_line' id='line_1_20' title="bbox 209 2212 976 2289; baseline 0.001 -18"><span class='ocrx_word' id='word_1_122' title='bbox 209 2214 276 2272; x_wconf 84' lang='lat' dir='ltr'><strong>Pars</strong></span> <span class='ocrx_word' id='word_1_123' title='bbox 291 2222 389 2288; x_wconf 87' lang='lat' dir='ltr'><strong>stupet</strong></span> <span class='ocrx_word' id='word_1_124' title='bbox 402 2213 542 2289; x_wconf 87' lang='lat' dir='ltr'><strong>innuptae</strong></span> <span class='ocrx_word' id='word_1_125' title='bbox 557 2212 669 2272; x_wconf 89' lang='lat' dir='ltr'><strong>donum</strong></span> <span class='ocrx_word' id='word_1_126' title='bbox 684 2212 799 2272; x_wconf 89' lang='lat' dir='ltr'><strong>exitiale</strong></span> <span class='ocrx_word' id='word_1_127' title='bbox 815 2214 976 2286; x_wconf 87' lang='lat' dir='ltr'><strong>Minervae,</strong></span> 
     </span>
     <span class='ocr_line' id='line_1_21' title="bbox 208 2311 996 2392; baseline 0.005 -22"><span class='ocrx_word' id='word_1_128' title='bbox 208 2320 238 2371; x_wconf 87' lang='lat' dir='ltr'><strong>et</strong></span> <span class='ocrx_word' id='word_1_129' title='bbox 252 2311 360 2370; x_wconf 85' lang='lat' dir='ltr'><strong>molem</strong></span> <span class='ocrx_word' id='word_1_130' title='bbox 374 2311 513 2372; x_wconf 88' lang='lat' dir='ltr'><strong>mirantur</strong></span> <span class='ocrx_word' id='word_1_131' title='bbox 526 2311 614 2388; x_wconf 87' lang='lat' dir='ltr'><strong>equi;</strong></span> <span class='ocrx_word' id='word_1_132' title='bbox 635 2311 804 2388; x_wconf 88' lang='lat' dir='ltr'><strong>primusque</strong></span> <span class='ocrx_word' id='word_1_133' title='bbox 817 2312 996 2392; x_wconf 83' lang='lat' dir='ltr'><strong>Thymoetes</strong></span> 
     </span>
     <span class='ocr_line' id='line_1_22' title="bbox 209 2409 859 2481; baseline 0.003 -13"><span class='ocrx_word' id='word_1_134' title='bbox 209 2410 277 2468; x_wconf 92' lang='lat' dir='ltr'><strong>duci</strong></span> <span class='ocrx_word' id='word_1_135' title='bbox 291 2410 365 2468; x_wconf 88' lang='lat' dir='ltr'><strong>intra</strong></span> <span class='ocrx_word' id='word_1_136' title='bbox 379 2427 477 2469; x_wconf 88' lang='lat' dir='ltr'><strong>muros</strong></span> <span class='ocrx_word' id='word_1_137' title='bbox 492 2410 621 2468; x_wconf 89' lang='lat' dir='ltr'><strong>hortatur</strong></span> <span class='ocrx_word' id='word_1_138' title='bbox 634 2420 664 2469; x_wconf 87' lang='lat' dir='ltr'><strong>et</strong></span> <span class='ocrx_word' id='word_1_139' title='bbox 677 2427 745 2469; x_wconf 87' lang='lat' dir='ltr'><strong>arce</strong></span> <span class='ocrx_word' id='word_1_140' title='bbox 759 2409 859 2481; x_wconf 87' lang='lat' dir='ltr'><strong>locari,</strong></span> 
     </span>
    </p>
   </div>
   <div class='ocr_carea' id='block_1_3' title="bbox 112 2487 905 2578">
    <p class='ocr_par' dir='ltr' id='par_1_3' title="bbox 112 2487 905 2578">
     <span class='ocr_line' id='line_1_23' title="bbox 112 2487 905 2578; baseline 0.004 -14"><span class='ocrx_word' id='word_1_141' title='bbox 112 2518 116 2528; x_wconf 85' lang='grc'><strong>’</strong></span> <span class='ocrx_word' id='word_1_142' title='bbox 208 2509 268 2565; x_wconf 91' lang='lat' dir='ltr'><strong>sive</strong></span> <span class='ocrx_word' id='word_1_143' title='bbox 282 2506 362 2577; x_wconf 90' lang='lat' dir='ltr'><strong>dolo,</strong></span> <span class='ocrx_word' id='word_1_144' title='bbox 377 2525 429 2566; x_wconf 93' lang='lat' dir='ltr'><strong>seu</strong></span> <span class='ocrx_word' id='word_1_145' title='bbox 444 2507 502 2565; x_wconf 89' lang='lat' dir='ltr'><strong>iam</strong></span> <span class='ocrx_word' id='word_1_146' title='bbox 514 2487 621 2578; x_wconf 74' lang='lat' dir='ltr'><strong>Troiae</strong></span> <span class='ocrx_word' id='word_1_147' title='bbox 636 2507 677 2564; x_wconf 93' lang='lat' dir='ltr'><strong>sic</strong></span> <span class='ocrx_word' id='word_1_148' title='bbox 691 2507 751 2564; x_wconf 84' lang='lat' dir='ltr'><strong>fata</strong></span> <span class='ocrx_word' id='word_1_149' title='bbox 764 2507 905 2567; x_wconf 87' lang='lat' dir='ltr'><strong>ferebant.</strong></span> 
     </span>
    </p>
   </div>
   <div class='ocr_carea' id='block_1_4' title="bbox 179 2603 1105 3730">
    <p class='ocr_par' dir='ltr' id='par_1_4' title="bbox 208 2603 943 2679">
     <span class='ocr_line' id='line_1_24' title="bbox 208 2603 943 2679; baseline 0.003 -17"><span class='ocrx_word' id='word_1_150' title='bbox 208 2608 245 2662; x_wconf 91' lang='lat' dir='ltr'><strong>At</strong></span> <span class='ocrx_word' id='word_1_151' title='bbox 261 2605 367 2679; x_wconf 85' lang='lat' dir='ltr'><strong>Capys,</strong></span> <span class='ocrx_word' id='word_1_152' title='bbox 382 2613 412 2662; x_wconf 90' lang='lat' dir='ltr'><strong>et</strong></span> <span class='ocrx_word' id='word_1_153' title='bbox 426 2621 552 2679; x_wconf 91' lang='lat' dir='ltr'><strong>quorum</strong></span> <span class='ocrx_word' id='word_1_154' title='bbox 565 2603 669 2661; x_wconf 88' lang='lat' dir='ltr'><strong>melior</strong></span> <span class='ocrx_word' id='word_1_155' title='bbox 682 2604 827 2664; x_wconf 88' lang='lat' dir='ltr'><strong>sententia</strong></span> <span class='ocrx_word' id='word_1_156' title='bbox 841 2606 943 2678; x_wconf 90' lang='lat' dir='ltr'><strong>menti,</strong></span> 
     </span>
    </p>

    <p class='ocr_par' dir='ltr' id='par_1_5' title="bbox 208 2699 968 2777">
     <span class='ocr_line' id='line_1_25' title="bbox 208 2699 968 2777; baseline 0.003 -17"><span class='ocrx_word' id='word_1_157' title='bbox 208 2712 258 2760; x_wconf 90' lang='lat' dir='ltr'><strong>aut</strong></span> <span class='ocrx_word' id='word_1_158' title='bbox 272 2701 376 2777; x_wconf 86' lang='lat' dir='ltr'><strong>pelago</strong></span> <span class='ocrx_word' id='word_1_159' title='bbox 392 2702 528 2758; x_wconf 88' lang='lat' dir='ltr'><strong>Danaum</strong></span> <span class='ocrx_word' id='word_1_160' title='bbox 542 2699 660 2759; x_wconf 87' lang='lat' dir='ltr'><strong>insidias</strong></span> <span class='ocrx_word' id='word_1_161' title='bbox 675 2711 871 2776; x_wconf 88' lang='lat' dir='ltr'><strong>suspectaque</strong></span> <span class='ocrx_word' id='word_1_162' title='bbox 887 2703 968 2762; x_wconf 89' lang='lat' dir='ltr'><strong>dona</strong></span> 
     </span>
    </p>

    <p class='ocr_par' dir='ltr' id='par_1_6' title="bbox 208 2793 1056 2876">
     <span class='ocr_line' id='line_1_26' title="bbox 208 2793 1056 2876; baseline 0.005 -20"><span class='ocrx_word' id='word_1_163' title='bbox 208 2799 399 2876; x_wconf 88' lang='lat' dir='ltr'><strong>praecipitare</strong></span> <span class='ocrx_word' id='word_1_164' title='bbox 413 2798 524 2868; x_wconf 92' lang='lat' dir='ltr'><strong>iubent,</strong></span> <span class='ocrx_word' id='word_1_165' title='bbox 540 2797 736 2872; x_wconf 87' lang='lat' dir='ltr'><strong>subiectisque</strong></span> <span class='ocrx_word' id='word_1_166' title='bbox 751 2816 835 2857; x_wconf 88' lang='lat' dir='ltr'><strong>urere</strong></span> <span class='ocrx_word' id='word_1_167' title='bbox 849 2799 981 2873; x_wconf 85' lang='lat' dir='ltr'><strong>flammis,</strong></span> <span class='ocrx_word' id='word_1_168' title='bbox 1054 2793 1056 2797; x_wconf 64' lang='grc'><strong>’</strong></span> 
     </span>
    </p>

    <p class='ocr_par' dir='ltr' id='par_1_7' title="bbox 208 2894 951 2972">
     <span class='ocr_line' id='line_1_27' title="bbox 208 2894 951 2972; baseline 0.007 -20"><span class='ocrx_word' id='word_1_169' title='bbox 208 2907 258 2954; x_wconf 87' lang='lat' dir='ltr'><strong>aut</strong></span> <span class='ocrx_word' id='word_1_170' title='bbox 271 2895 415 2954; x_wconf 88' lang='lat' dir='ltr'><strong>terebrare</strong></span> <span class='ocrx_word' id='word_1_171' title='bbox 430 2912 515 2954; x_wconf 84' lang='lat' dir='ltr'><strong>cavas</strong></span> <span class='ocrx_word' id='word_1_172' title='bbox 529 2894 603 2952; x_wconf 88' lang='lat' dir='ltr'><strong>uteri</strong></span> <span class='ocrx_word' id='word_1_173' title='bbox 617 2903 647 2953; x_wconf 91' lang='lat' dir='ltr'><strong>et</strong></span> <span class='ocrx_word' id='word_1_174' title='bbox 660 2903 804 2972; x_wconf 85' lang='lat' dir='ltr'><strong>temptare</strong></span> <span class='ocrx_word' id='word_1_175' title='bbox 819 2897 951 2957; x_wconf 86' lang='lat' dir='ltr'><strong>latebras.</strong></span> 
     </span>
    </p>

    <p class='ocr_par' dir='ltr' id='par_1_8' title="bbox 209 2989 1105 3164">
     <span class='ocr_line' id='line_1_28' title="bbox 209 2989 949 3068; baseline 0.004 -19"><span class='ocrx_word' id='word_1_176' title='bbox 209 2991 354 3049; x_wconf 90' lang='lat' dir='ltr'><strong>Scinditur</strong></span> <span class='ocrx_word' id='word_1_177' title='bbox 368 2992 510 3049; x_wconf 89' lang='lat' dir='ltr'><strong>incertum</strong></span> <span class='ocrx_word' id='word_1_178' title='bbox 524 2989 621 3048; x_wconf 91' lang='lat' dir='ltr'><strong>studia</strong></span> <span class='ocrx_word' id='word_1_179' title='bbox 636 2992 666 3049; x_wconf 91' lang='lat' dir='ltr'><strong>in</strong></span> <span class='ocrx_word' id='word_1_180' title='bbox 680 2993 825 3050; x_wconf 81' lang='lat' dir='ltr'><strong>contraria</strong></span> <span class='ocrx_word' id='word_1_181' title='bbox 838 2993 949 3068; x_wconf 87' lang='lat' dir='ltr'><strong>volgus.</strong></span> 
     </span>
     <span class='ocr_line' id='line_1_29' title="bbox 250 3087 1105 3164; baseline 0.007 -20"><span class='ocrx_word' id='word_1_182' title='bbox 250 3087 360 3146; x_wconf 80' lang='lat' dir='ltr'><strong>Ptimus</strong></span> <span class='ocrx_word' id='word_1_183' title='bbox 375 3088 414 3145; x_wconf 91' lang='lat' dir='ltr'><strong>ibi</strong></span> <span class='ocrx_word' id='word_1_184' title='bbox 428 3096 496 3146; x_wconf 85' lang='lat' dir='ltr'><strong>ante</strong></span> <span class='ocrx_word' id='word_1_185' title='bbox 511 3088 615 3158; x_wconf 89' lang='lat' dir='ltr'><strong>omnis,</strong></span> <span class='ocrx_word' id='word_1_186' title='bbox 631 3107 739 3164; x_wconf 86' lang='lat' dir='ltr'><strong>magna</strong></span> <span class='ocrx_word' id='word_1_187' title='bbox 753 3089 913 3149; x_wconf 88' lang='lat' dir='ltr'><strong>comitante</strong></span> <span class='ocrx_word' id='word_1_188' title='bbox 928 3099 1053 3162; x_wconf 86' lang='lat' dir='ltr'><strong>caterva,</strong></span> <span class='ocrx_word' id='word_1_189' title='bbox 1101 3111 1105 3118; x_wconf 93' lang='lat'>·</span> 
     </span>
    </p>

    <p class='ocr_par' dir='ltr' id='par_1_9' title="bbox 210 3183 883 3259">
     <span class='ocr_line' id='line_1_30' title="bbox 210 3183 883 3259; baseline 0.001 -16"><span class='ocrx_word' id='word_1_190' title='bbox 210 3184 351 3243; x_wconf 73' lang='lat' dir='ltr'><strong>Laocoon</strong></span> <span class='ocrx_word' id='word_1_191' title='bbox 365 3183 470 3242; x_wconf 88' lang='lat' dir='ltr'><strong>ardens</strong></span> <span class='ocrx_word' id='word_1_192' title='bbox 484 3202 599 3242; x_wconf 88' lang='lat' dir='ltr'><strong>summa</strong></span> <span class='ocrx_word' id='word_1_193' title='bbox 613 3184 741 3244; x_wconf 87' lang='lat' dir='ltr'><strong>decurrit</strong></span> <span class='ocrx_word' id='word_1_194' title='bbox 754 3186 792 3244; x_wconf 91' lang='lat' dir='ltr'><strong>ab</strong></span> <span class='ocrx_word' id='word_1_195' title='bbox 807 3205 883 3259; x_wconf 90' lang='lat' dir='ltr'><strong>arce,</strong></span> 
     </span>
    </p>

    <p class='ocr_par' dir='ltr' id='par_1_10' title="bbox 209 3280 999 3358">
     <span class='ocr_line' id='line_1_31' title="bbox 209 3280 999 3358; baseline 0.005 -18"><span class='ocrx_word' id='word_1_196' title='bbox 209 3292 238 3340; x_wconf 89' lang='lat' dir='ltr'><strong>et</strong></span> <span class='ocrx_word' id='word_1_197' title='bbox 252 3281 372 3356; x_wconf 90' lang='lat' dir='ltr'><strong>procul:</strong></span> <span class='ocrx_word' id='word_1_198' title='bbox 395 3280 441 3340; x_wconf 88' lang='lat'><strong>‘0</strong></span> <span class='ocrx_word' id='word_1_199' title='bbox 456 3281 561 3352; x_wconf 88' lang='lat' dir='ltr'><strong>miseri,</strong></span> <span class='ocrx_word' id='word_1_200' title='bbox 577 3299 653 3358; x_wconf 86' lang='lat' dir='ltr'><strong>quae</strong></span> <span class='ocrx_word' id='word_1_201' title='bbox 668 3291 749 3342; x_wconf 88' lang='lat' dir='ltr'><strong>tanta</strong></span> <span class='ocrx_word' id='word_1_202' title='bbox 761 3283 884 3355; x_wconf 89' lang='lat' dir='ltr'><strong>insania,</strong></span> <span class='ocrx_word' id='word_1_203' title='bbox 898 3283 999 3344; x_wconf 84' lang='lat' dir='ltr'><strong>cives?</strong></span> 
     </span>
    </p>

    <p class='ocr_par' dir='ltr' id='par_1_11' title="bbox 179 3376 887 3455">
     <span class='ocr_line' id='line_1_32' title="bbox 179 3376 887 3455; baseline 0.011 -25"><span class='ocrx_word' id='word_1_204' title='bbox 179 3421 185 3430; x_wconf 96' lang='lat'>.</span> <span class='ocrx_word' id='word_1_205' title='bbox 209 3376 334 3437; x_wconf 87' lang='lat' dir='ltr'><strong>Creditis</strong></span> <span class='ocrx_word' id='word_1_206' title='bbox 348 3386 466 3435; x_wconf 87' lang='lat' dir='ltr'><strong>avectos</strong></span> <span class='ocrx_word' id='word_1_207' title='bbox 482 3378 594 3436; x_wconf 85' lang='lat' dir='ltr'><strong>hostis?</strong></span> <span class='ocrx_word' id='word_1_208' title='bbox 634 3382 693 3437; x_wconf 85' lang='lat' dir='ltr'><strong>Aut</strong></span> <span class='ocrx_word' id='word_1_209' title='bbox 708 3380 767 3437; x_wconf 90' lang='lat' dir='ltr'><strong>ulla</strong></span> <span class='ocrx_word' id='word_1_210' title='bbox 779 3382 887 3455; x_wconf 87' lang='lat' dir='ltr'><strong>putatis</strong></span> 
     </span>
    </p>

    <p class='ocr_par' dir='ltr' id='par_1_12' title="bbox 209 3474 988 3538">
     <span class='ocr_line' id='line_1_33' title="bbox 209 3474 988 3538; baseline 0.008 -6"><span class='ocrx_word' id='word_1_211' title='bbox 209 3474 289 3533; x_wconf 90' lang='lat' dir='ltr'><strong>dona</strong></span> <span class='ocrx_word' id='word_1_212' title='bbox 303 3491 400 3533; x_wconf 89' lang='lat' dir='ltr'><strong>carcre</strong></span> <span class='ocrx_word' id='word_1_213' title='bbox 416 3474 490 3533; x_wconf 89' lang='lat' dir='ltr'><strong>dolis</strong></span> <span class='ocrx_word' id='word_1_214' title='bbox 505 3477 663 3534; x_wconf 76' lang='lat' dir='ltr'><strong>Danaum?</strong></span> <span class='ocrx_word' id='word_1_215' title='bbox 703 3477 751 3536; x_wconf 89' lang='lat' dir='ltr'><strong>Sic</strong></span> <span class='ocrx_word' id='word_1_216' title='bbox 765 3488 851 3536; x_wconf 92' lang='lat' dir='ltr'><strong>notus</strong></span> <span class='ocrx_word' id='word_1_217' title='bbox 864 3478 988 3538; x_wconf 84' lang='lat' dir='ltr'><strong>Ulixes?</strong></span> 
     </span>
    </p>

    <p class='ocr_par' dir='ltr' id='par_1_13' title="bbox 209 3570 863 3646">
     <span class='ocr_line' id='line_1_34' title="bbox 209 3570 863 3646; baseline 0.003 -16"><span class='ocrx_word' id='word_1_218' title='bbox 209 3582 258 3631; x_wconf 87' lang='lat' dir='ltr'><strong>aut</strong></span> <span class='ocrx_word' id='word_1_219' title='bbox 273 3572 331 3630; x_wconf 93' lang='lat' dir='ltr'><strong>hoc</strong></span> <span class='ocrx_word' id='word_1_220' title='bbox 345 3571 448 3630; x_wconf 92' lang='lat' dir='ltr'><strong>inclusi</strong></span> <span class='ocrx_word' id='word_1_221' title='bbox 463 3570 541 3646; x_wconf 87' lang='lat' dir='ltr'><strong>ligno</strong></span> <span class='ocrx_word' id='word_1_222' title='bbox 555 3572 739 3631; x_wconf 88' lang='lat' dir='ltr'><strong>occultantur</strong></span> <span class='ocrx_word' id='word_1_223' title='bbox 752 3575 863 3646; x_wconf 86' lang='lat' dir='ltr'><strong>Achivi,</strong></span> 
     </span>
    </p>

    <p class='ocr_par' dir='ltr' id='par_1_14' title="bbox 210 3668 992 3730">
     <span class='ocr_line' id='line_1_35' title="bbox 210 3668 992 3730; baseline 0.003 -3"><span class='ocrx_word' id='word_1_224' title='bbox 210 3679 260 3727; x_wconf 92' lang='lat' dir='ltr'><strong>aut</strong></span> <span class='ocrx_word' id='word_1_225' title='bbox 274 3669 347 3727; x_wconf 88' lang='lat' dir='ltr'><strong>haec</strong></span> <span class='ocrx_word' id='word_1_226' title='bbox 361 3669 391 3726; x_wconf 93' lang='lat' dir='ltr'><strong>in</strong></span> <span class='ocrx_word' id='word_1_227' title='bbox 405 3676 519 3725; x_wconf 92' lang='lat' dir='ltr'><strong>nostros</strong></span> <span class='ocrx_word' id='word_1_228' title='bbox 533 3668 672 3726; x_wconf 87' lang='lat' dir='ltr'><strong>fabricata</strong></span> <span class='ocrx_word' id='word_1_229' title='bbox 686 3680 730 3726; x_wconf 90' lang='lat' dir='ltr'><strong>est</strong></span> <span class='ocrx_word' id='word_1_230' title='bbox 744 3670 881 3727; x_wconf 89' lang='lat' dir='ltr'><strong>machina</strong></span> <span class='ocrx_word' id='word_1_231' title='bbox 895 3691 992 3730; x_wconf 90' lang='lat' dir='ltr'><strong>muros</strong></span> 
     </span>
    </p>
   </div>
   <div class='ocr_carea' id='block_1_5' title="bbox 361 3792 1109 3857">
    <p class='ocr_par' dir='ltr' id='par_1_15' title="bbox 361 3792 1109 3857">
     <span class='ocr_line' id='line_1_36' title="bbox 361 3792 1109 3857; baseline 0.009 -16"><span class='ocrx_word' id='word_1_232' title='bbox 361 3792 383 3830; x_wconf 78' lang='lat'><strong>1⁶</strong></span> <span class='ocrx_word' id='word_1_233' title='bbox 393 3808 466 3842; x_wconf 75' lang='lat' dir='ltr'><strong>ecurn.</strong></span> <span class='ocrx_word' id='word_1_234' title='bbox 482 3795 510 3843; x_wconf 84' lang='lat' dir='ltr'><strong>R.</strong></span> <span class='ocrx_word' id='word_1_235' title='bbox 615 3794 659 3829; x_wconf 59' lang='lat'><strong>²⁵⁴</strong></span> <span class='ocrx_word' id='word_1_236' title='bbox 669 3809 733 3857; x_wconf 85' lang='lat' dir='ltr'><strong>susp.</strong></span> <span class='ocrx_word' id='word_1_237' title='bbox 744 3796 800 3843; x_wconf 82' lang='lat' dir='ltr'><strong>hiat</strong></span> <span class='ocrx_word' id='word_1_238' title='bbox 816 3797 845 3845; x_wconf 84' lang='lat' dir='ltr'><strong>R.</strong></span> <span class='ocrx_word' id='word_1_239' title='bbox 945 3797 1064 3846; x_wconf 60' lang='lat' dir='ltr'><strong>”saevos</strong></span> <span class='ocrx_word' id='word_1_240' title='bbox 1079 3799 1109 3848; x_wconf 78' lang='lat' dir='ltr'><strong>tt.</strong></span> 
     </span>
    </p>
   </div>
   <div class='ocr_carea' id='block_1_6' title="bbox 1139 289 1265 355">
    <p class='ocr_par' dir='ltr' id='par_1_16' title="bbox 1139 289 1265 355">
     <span class='ocr_line' id='line_1_37' title="bbox 1139 289 1265 355; baseline 0 -15"><span class='ocrx_word' id='word_1_241' title='bbox 1139 289 1265 355; x_wconf 70' lang='lat' dir='ltr'><strong>[nunu</strong></span> 
     </span>
    </p>
   </div>
   <div class='ocr_carea' id='block_1_7' title="bbox 0 0 1422 4292">
    <p class='ocr_par' dir='ltr' id='par_1_17' title="bbox 0 0 1422 4292">
     <span class='ocr_line' id='line_1_38' title="bbox 0 0 1422 4292; baseline 0 0"><span class='ocrx_word' id='word_1_242' title='bbox 0 0 1422 4292; x_wconf 95' lang='lat' dir='ltr'><strong> </strong></span> 
     </span>
    </p>
   </div>
  </div>
 </body>
</html>
