2834 4292
246 296 307 363 140
682 306 713 356 v.
742 290 858 377 Sicily.

240 472 359 524 tantane
374 476 434 525 tam
448 469 562 544 patiens
575 471 656 531 nullo
670 478 829 536 certamine
843 480 904 539 tolli

240 560 320 619 dona
334 563 432 623 sines?
472 568 532 626 Ubi
546 586 624 627 nuuc
639 571 725 631 nobis
738 572 812 632 deus
825 576 873 633 ille
887 579 1024 653 magister

239 659 418 735 nequiquam
433 675 610 723 memoratus
626 668 726 742 Eryx?
765 671 826 729 Ubi
838 672 917 731 tama
929 694 1116 750 peromnem

238 756 427 829 Trinacriam,
443 770 473 817 et
487 762 579 836 spolia
592 763 640 820 illa
653 764 710 823 tuis
723 765 886 841 pendentia
898 773 1021 831 tectisi'

239 852 292 910 lile
306 855 361 913 sub
375 854 467 915 haec:
490 859 578 916 ‘Non
593 859 687 918 laudis
700 880 791 933 amor,
805 882 864 923 nec
876 867 968 942 gloria
980 872 1069 929 cessit

238 950 322 1023 pulsa
336 962 415 1009 metu
427 973 436 1024 ;
458 954 511 1013 scd
525 954 604 1013 enim
618 956 732 1031 gelidus
746 960 878 1021 tardante
892 976 1013 1025 senecta

238 1048 354 1121 sanguis
369 1048 465 1131 hebet,
481 1050 643 1149 frigentque
659 1054 764 1114 effetae
778 1059 809 1115 in
823 1078 947 1135 corpore
961 1064 1045 1123 vires.

237 1142 267 1201 Si
281 1143 361 1214 mihi,
376 1162 452 1218 quae
466 1148 616 1221 quondam
632 1150 733 1225 fuerat,
748 1171 865 1230 quaque
881 1159 1030 1234 improbus
1045 1163 1099 1222 iste

236 1239 361 1297 exsultat
374 1240 477 1313 fidens,
492 1244 517 1301 si
530 1264 610 1303 nunc
625 1247 699 1306 iuret
713 1250 761 1308 illa
775 1253 917 1327 iuventas,

236 1335 316 1393 haud
330 1336 469 1412 equidem
483 1342 576 1415 pretio
591 1342 728 1403 inductus
742 1347 924 1427 pulchroque
938 1354 1063 1416 iuvenco

235 1434 389 1505 venissem,
404 1452 461 1492 nec
475 1435 557 1495 dona
570 1442 687 1499 moror)
729 1444 778 1501 Sic
791 1445 901 1507 deinde
915 1451 1029 1511 locutus

235 1534 266 1589 in
281 1530 411 1590 medium
424 1533 558 1606 geminos
572 1535 696 1595 immani
709 1541 842 1614 pondere
855 1558 971 1607 caestus

235 1628 367 1705 proiecit,
383 1629 486 1703 quibus
502 1648 571 1688 acer
585 1632 663 1708 Eryx
677 1636 707 1692 in
721 1640 832 1711 proelia
846 1653 944 1703 suetus

235 1726 309 1783 serre
323 1742 453 1797 manum,
468 1725 600 1803 duroque
614 1730 767 1792 intendere
781 1737 900 1798 brachia
913 1751 1006 1821 tergo.

235 1827 411 1901 Obstipuere
425 1829 533 1886 animi:
555 1839 701 1889 tantorum
716 1833 845 1909 ingentia
859 1849 973 1912 septem

235 1933 316 1999 terga
330 1924 419 1983 boum
434 1925 557 2001 plumbo
572 1928 668 1987 insuto
683 1930 817 2007 ferroque
831 1934 973 2009 rigebant.

276 2022 352 2080 Ante
367 2039 471 2079 omnes
486 2033 583 2098 stupet
597 2025 660 2100 ipse
675 2028 778 2099 Dares,
794 2030 939 2108 longeque
953 2044 1067 2094 recusat
1075 2056 1086 2109 ς

234 2124 495 2201 magnanimusque
510 2123 702 2183 Anchisiades
718 2136 747 2183 et
760 2128 877 2201 pondus
892 2140 921 2187 et
935 2131 999 2206 ipsa

235 2224 292 2281 huc
307 2224 374 2281 illuc
388 2224 551 2284 vinclorum
566 2225 710 2283 immensa
721 2226 872 2283 volumina
884 2239 986 2288 versat

233 2324 310 2382 Tum
325 2324 422 2382 senior
435 2323 498 2381 talis
512 2322 654 2380 referebat
668 2331 788 2396 pectore
802 2341 910 2382 voces:

276 2426 382 2501 ‘Quid
397 2426 421 2485 si
435 2426 499 2502 quis
515 2431 628 2482 caestus
644 2420 734 2495 ipsius
747 2428 778 2477 et
793 2421 929 2479 Herculis
942 2440 1023 2481 arma

233 2523 362 2596 vidisset,
376 2525 546 2598 tristemque
562 2521 620 2579 hoc
635 2518 700 2593 ipso
714 2517 745 2574 in
758 2517 841 2575 litore
854 2522 1005 2593 pugnam?

235 2622 322 2679 Haec
336 2640 490 2697 germanus
506 2622 584 2695 Eryx
598 2614 750 2693 quondam
764 2624 830 2674 tuus
844 2634 925 2673 anna
937 2618 1074 2692 gerebat5
1086 2653 1128 2667 -

233 2720 373 2795 sanguine
388 2720 481 2777 cernis
495 2718 594 2776 adhuc
607 2733 769 2791 sparsoque
782 2714 891 2772 insecta
903 2716 1026 2774 cerebro
1037 2736 1045 2787 ;
1055 2749 1098 2762 -

233 2816 278 2874 his
293 2834 431 2891 magnum
446 2815 569 2873 Alciden
584 2826 685 2872 contra
699 2814 797 2884 stetit;
820 2812 864 2870 his
879 2830 935 2887 ego
949 2823 1056 2886 suetus,

234 2913 306 2972 dum
320 2912 421 2971 melior
435 2914 508 2970 vires
523 2913 638 2987 sanguis
653 2912 752 2982 dabat,
766 2911 882 2969 aemula
895 2909 1025 2969 necdum

206 3020 209 3029 ⁴
233 3011 414 3085 temporibus
429 3009 550 3084 geminis
566 3009 691 3079 canebat
705 3027 804 3084 sparsa
818 3018 963 3067 senectus.

233 3107 291 3166 Sed
306 3108 329 3165 si
344 3116 443 3165 nostra
456 3107 549 3165 Dares
564 3104 638 3163 haee
652 3107 756 3164 Troius
771 3124 853 3164 arma
865 3115 989 3175 recusat,

233 3204 323 3280 idque
338 3205 388 3279 pio
402 3203 486 3262 sedet
499 3204 627 3274 Aeneae,
642 3204 747 3278 probat
761 3213 863 3261 auctor
876 3205 1008 3274 Acestes,

233 3320 393 3377 aequemus
408 3318 529 3377 pugnas.
573 3301 674 3375 Erycis
688 3300 740 3358 tibi
755 3310 836 3375 terga
848 3302 986 3374 remitt03

233 3400 313 3458 solve
328 3408 440 3471 metus;
463 3406 493 3455 et
507 3398 695 3456 tuTroianos
710 3416 785 3455 exue
799 3401 932 3457 caestus.¹

234 3498 321 3555 Haec
336 3495 420 3566 satus,
435 3493 585 3569 duplicem
602 3513 639 3553 ex
652 3495 759 3553 umeris
773 3496 875 3554 reiecit
889 3498 1040 3570 amictum,

233 3604 263 3651 et
277 3610 398 3667 magnos
413 3592 611 3650 membrorum
626 3600 712 3661 artus,
727 3609 834 3664 magna
847 3610 914 3649 ossa
927 3592 1111 3669 lacertosque

234 3690 321 3759 exuit,
336 3698 424 3763 atque
438 3687 541 3761 ingens
555 3687 654 3745 media
667 3688 801 3745 consistit
813 3704 909 3745 arena.

273 3787 352 3844 Tum
365 3793 444 3843 satus
458 3783 587 3841 Anchisa
600 3792 714 3839 caestus
728 3792 811 3857 pater
824 3783 925 3840 extulit
938 3802 1059 3859 aequos,
