2834 4292
134 334 191 383 111.
203 332 273 401 596]
481 320 548 384 The
564 318 663 385 Coast
684 320 728 402 of
745 318 859 402 Sicily.

134 510 253 567 laevam
266 516 376 566 cuncta
390 505 496 565 cohors
509 502 597 563 remis
611 504 765 579 ventisque
779 503 890 579 petivit

134 606 282 665 Tollimur
295 606 326 663 in
340 604 457 662 caelum
471 612 591 661 curvato
606 601 729 677 gurgite,
745 610 774 659 et
788 600 870 660 idem

134 704 286 763 subducta
299 702 338 761 ad
353 700 452 760 Manis
465 700 540 758 imos
555 698 726 757 desedimus
740 698 830 757 unda

134 803 199 859 Ter
212 800 327 875 scopuli
341 799 500 856 clamorem
514 796 590 855 inter
604 814 677 853 cava
690 815 761 854 saxa
775 795 905 856 dedere:

133 910 183 957 ter
198 916 334 972 spumam
348 896 448 955 elisam
463 904 493 951 et
506 894 633 951 rorantia
647 893 775 952 vidimus
789 904 874 953 astra

135 996 259 1053 Interea
272 994 364 1051 fessos
377 1000 481 1051 ventus
495 1010 565 1049 cum
579 990 641 1049 sole
655 990 782 1067 reliquit,

134 1091 290 1167 ignarique
304 1090 368 1148 viae
383 1089 549 1166 Cyclopum
563 1088 729 1147 adlabimur
743 1090 813 1148 oris.

180 1191 286 1247 Portus
300 1189 338 1245 ab
351 1206 473 1245 accessu
486 1197 642 1245 ventorum
656 1187 798 1245 immotus
813 1196 843 1245 et
856 1187 960 1263 ingens

135 1287 224 1363 ipse;
248 1285 301 1344 sed
314 1285 454 1343 horrificis
469 1284 550 1342 iuxta
564 1293 646 1343 tonat
660 1286 758 1342 Aetna
770 1285 879 1358 ruinis3

135 1383 347 1458 interdumque
361 1392 453 1440 atram
468 1383 632 1457 prorumpit
646 1381 686 1439 ad
699 1382 818 1439 aethera
831 1382 953 1454 nubem,

135 1482 257 1540 turbine
271 1480 432 1538 fumantem
446 1480 534 1555 piceo
548 1488 578 1536 et
592 1478 740 1536 candente
755 1479 861 1551 favilla,

62 1606 68 1619 ·
136 1578 303 1652 attollitque
317 1577 420 1653 globos
436 1576 618 1634 flammarum
632 1585 662 1633 et
676 1574 773 1633 sidera
786 1576 889 1635 lambit
898 1596 909 1649 ;

136 1672 289 1734 interdum
303 1674 441 1749 scopulos
455 1672 611 1749 avolsaque
625 1672 740 1731 viscera
752 1675 861 1732 montis

137 1772 225 1848 erigit
239 1781 383 1841 eructans,
397 1770 612 1845 liquefactaque
628 1788 699 1827 saxa
712 1770 767 1827 sub
781 1787 865 1829 auras

138 1889 212 1929 cum
226 1869 337 1945 gemitu
350 1869 502 1943 glomerat,
516 1866 668 1943 fundoque
684 1877 835 1925 exaestuat
848 1867 919 1927 imo.

139 1969 236 2026 Fama
252 1975 297 2025 est
310 1964 455 2024 Enceladi
469 1963 643 2023 semiustum
658 1963 781 2021 fulmine
795 1982 903 2040 corpus

137 2063 258 2141 urgueri
272 2063 351 2121 mole
366 2062 432 2134 hac,
446 2062 656 2138 ingentemque
671 2060 792 2136 insuper
805 2064 932 2120 Aetnam

138 2160 311 2237 impositam
323 2160 415 2235 ruptis
429 2158 578 2217 flammam
593 2158 740 2233 exspirare
755 2159 877 2217 caminis
889 2181 898 2232 ;

139 2268 170 2315 et
184 2258 295 2315 fessum
309 2256 445 2331 quotiens
459 2264 553 2314 mutet
565 2255 650 2327 latus,
666 2254 823 2313 intremere
837 2274 957 2315 omnem

140 2372 290 2413 murmure
303 2352 494 2423 Trinacriam,
510 2360 539 2410 et
554 2351 672 2409 caelum
687 2352 841 2411 subtexere
855 2354 947 2412 fumo.

139 2549 325 2626 perferimus,
339 2565 397 2605 nec
412 2564 488 2623 quae
502 2547 631 2605 sonitum
645 2544 697 2604 det
714 2564 804 2605 causa
816 2547 960 2607 videmus.

141 2648 224 2705 Nam
238 2662 336 2720 neque
352 2654 434 2703 erant
448 2653 590 2703 astrorum
605 2644 697 2720 ignes,
714 2662 771 2701 nec
788 2644 905 2705 lucidus
918 2645 1019 2704 aethra

141 2742 261 2803 siderea
273 2742 368 2817 polus,
384 2742 510 2800 obscuro
525 2740 580 2799 sed
594 2740 695 2800 nubila
711 2741 804 2813 caelo,

142 2850 172 2899 et
186 2841 289 2898 lunam
304 2839 334 2896 in
348 2839 450 2897 nimbo
465 2858 526 2897 nox
541 2840 718 2913 intempesta
733 2838 862 2897 tenebat.

183 2943 307 2999 Postera
320 2938 437 3013 iamque
453 2936 516 2995 dies
531 2938 626 3013 primo
643 2936 780 3013 surgebat
795 2935 870 3007 Εοὸ,

142 3047 356 3111 umentemque
371 3038 483 3093 Aurora
497 3034 569 3109 polo
584 3034 748 3092 dimoverat
762 3032 914 3091 umbram:

143 3154 214 3194 cum
228 3134 326 3193 subito
341 3152 358 3190 e
372 3134 458 3204 silvis,
473 3133 568 3190 macie
585 3133 723 3190 confecta
737 3149 883 3206 suprema,

144 3232 237 3309 ignoti
250 3250 328 3289 nova
341 3231 435 3289 forma
448 3230 500 3289 viri
514 3230 739 3305 miserandaque
755 3231 835 3288 cultu

44 3322 45 3329 ἵ
144 3328 290 3409 procedit,
306 3330 486 3405 supplexque
502 3347 606 3387 manus
620 3327 659 3387 ad
673 3328 758 3386 litora
773 3327 878 3385 tendit.

146 3429 353 3504 Respicimus:
376 3427 439 3485 dira
453 3426 573 3484 inluvies
587 3425 768 3499 inmissaque
784 3424 884 3496 barba,

146 3536 315 3585 consertum
329 3535 468 3599 tegumen
482 3522 591 3598 spinis;
613 3530 643 3579 at
657 3531 757 3579 cetera
772 3522 886 3593 Graius,

150 3620 196 3701 [et
210 3620 364 3698 quondam
378 3620 476 3695 patriis
491 3619 531 3678 ad
543 3618 664 3677 Tr0iam
678 3618 783 3677 missus
797 3619 827 3676 in
842 3617 956 3698 annis]

148 3720 237 3796 Isque
251 3718 304 3779 ubi
317 3715 483 3777 Dardanios
498 3716 613 3775 habitus
627 3724 657 3773 et
670 3716 760 3773 Troia
772 3714 845 3774 vidit

562 3842 596 3877 ⁶⁷⁸
614 3849 746 3890 semustam.
762 3844 791 3889 R.
