2834 4292
156 307 277 374 Ecum]
620 297 747 364 Gallus.

155 482 214 539 tela
227 481 303 540 inter
315 479 414 539 media
427 490 514 556 atque
529 479 666 540 adversos
681 481 795 541 detinet
808 482 926 542 hostes:

155 588 188 635 tu
202 577 305 652 procul
319 597 337 634 a
350 578 443 653 patria
462 577 532 654 (nec
548 578 584 636 sit
598 579 670 636 mihi
684 579 804 637 credere
818 589 932 638 tantum
945 578 968 658 l)

154 675 285 750 Alpinas,
301 675 339 732 ah
354 673 435 746 dura,
449 675 530 732 nives
545 684 575 731 et
588 675 694 750 frigora
708 676 807 734 Rheni

155 789 205 830 me
220 772 283 829 sine
297 771 359 829 sola
372 770 471 829 vides:
495 771 542 843 ah,
558 781 586 829 te
601 789 639 829 ne
654 773 760 847 frigora
773 772 912 832 laedant!

154 869 212 940 Ah,
227 868 280 927 tibi
293 887 331 926 ne
346 878 459 926 teneras
474 869 580 943 glacies
596 879 677 927 secet
692 888 795 945 aspera
808 871 941 946 plantas!

198 966 281 1037 ‘Ib0,
296 974 334 1038 et,
350 964 523 1024 Chalcidico
538 983 612 1040 quae
628 976 695 1024 sunt
709 967 782 1025 mihi
796 967 918 1026 condita
931 986 1016 1027 versu

155 1064 295 1135 carmina,
310 1063 433 1138 pastoris
448 1062 536 1121 Siculi
550 1062 725 1122 modulabor
738 1082 842 1124 avena.

156 1161 278 1220 Certum
293 1159 381 1218 estin
395 1159 481 1232 silvis,
495 1160 571 1217 inter
584 1161 702 1235 spelaea
717 1161 843 1220 ferarum

155 1257 243 1316 malle
257 1257 328 1333 pati,
342 1258 508 1332 tenerisque
523 1275 605 1315 meos
620 1256 752 1315 incidere
766 1276 881 1316 amores

157 1355 328 1426 arboribus;
350 1363 485 1412 crescent
498 1353 571 1425 illae,
588 1355 734 1426 crescens,
749 1371 875 1414 amores.

198 1453 335 1510 ‘Interea
349 1451 445 1509 mixtis
459 1451 587 1510 lustrabo
603 1453 742 1509 Maenala
754 1451 900 1528 nymphis,

155 1558 207 1607 aut
221 1549 295 1606 acris
309 1549 438 1607 venabor
451 1566 556 1623 apros:
578 1566 639 1607 nou
653 1567 700 1606 me
719 1549 778 1607 ulla
790 1549 930 1609 vetabunt

155 1647 264 1721 frigora
278 1645 448 1703 Parthenios
463 1645 584 1703 canibus
600 1646 780 1704 circumdare
794 1647 892 1705 saltus.

157 1745 224 1801 Iam
238 1742 309 1800 mihi
322 1760 376 1817 per
388 1760 476 1818 rupes
489 1741 592 1800 videor
604 1742 746 1817 lucosque
760 1743 890 1801 sonantis

157 1835 227 1913 ire}
240 1840 312 1898 libet
326 1839 433 1897 Partho
447 1847 582 1914 torquere
598 1839 735 1914 Cydonia
748 1858 841 1898 comu

158 1937 271 2012 spicula
282 1945 498 2011 :—tamquam
512 1935 585 1993 haec
600 1937 637 1994 sit
650 1937 741 1994 nostri
756 1936 905 1995 medicina
918 1937 1029 2011 furoris,

157 2043 207 2093 aut
222 2033 295 2093 deus
310 2033 356 2092 ille
371 2033 453 2092 malis
468 2033 621 2092 hominum
635 2034 788 2091 mitescere
803 2034 916 2092 discat!

200 2119 284 2189 ‘Iam
298 2149 395 2206 neque
409 2129 622 2206 hamadryades
635 2149 731 2188 rursus
745 2149 803 2188 nec
816 2131 946 2188 carmina
957 2131 1044 2192 nobis

158 2230 221 2304 ipsa
235 2229 373 2303 placent;
394 2227 475 2303 ipsae
489 2246 585 2286 rursus
597 2227 755 2286 concedite
769 2228 866 2287 silvae.

159 2327 229 2384 Non
243 2325 324 2383 illum
338 2324 429 2382 nostri
442 2334 567 2400 possunt
581 2333 691 2382 mutare
706 2325 831 2397 labores,

157 2441 215 2480 nec
229 2423 254 2480 si
267 2421 420 2498 frigoribus
434 2421 539 2480 mediis
554 2421 748 2496 Hebrumque
762 2422 907 2494 bibamus,

158 2519 363 2593 Sithoniasque
378 2519 459 2577 nives
474 2518 578 2576 hiemis
593 2519 749 2577 subeamus
763 2537 901 2593 aquosae,

157 2634 215 2673 nec
230 2615 263 2687 si,
278 2633 348 2673 cum
361 2615 488 2672 moriens
503 2615 561 2672 alta
574 2614 647 2674 liber
660 2624 723 2672 aret
736 2615 766 2672 in
780 2614 869 2687 ulmo,

157 2712 337 2787 Aethiopum
351 2729 499 2770 versemus
513 2712 576 2769 ovis
590 2712 645 2769 sub
659 2710 755 2769 sidere
771 2712 887 2770 Cancri.

158 2809 269 2870 Omnia
281 2809 371 2866 vincit
384 2810 495 2881 Amor,
518 2818 548 2866 et
561 2827 615 2866 nos
631 2808 770 2866 cedamus
784 2808 905 2867 Amori’

199 2907 289 2964 Haec
301 2915 347 2963 sat
361 2905 423 2977 en't,
438 2905 533 2977 divae,
547 2915 675 2962 vestrum
690 2905 831 2964 cecinisse
846 2906 977 2981 poetam,

158 3003 230 3062 dum
245 3002 372 3060 sedetet
387 3002 486 3078 gracili
500 3002 640 3059 fiscellam
654 3003 725 3059 texit
740 3002 862 3075 hibisco,

157 3099 307 3172 Pierides3
328 3118 381 3157 vos
395 3099 469 3156 haec
483 3099 595 3156 facietis
609 3100 736 3156 maxima
751 3099 836 3158 Gallo
845 3132 887 3142 —

157 3197 253 3268 Gallu,
268 3196 350 3254 cuius
365 3213 447 3252 amor
460 3204 573 3252 tanturn
588 3196 660 3253 mihi
675 3197 780 3253 crescit
793 3198 824 3253 in
837 3196 933 3269 horas,

157 3303 300 3369 quantum
314 3311 382 3351 vere
395 3310 474 3350 novo
488 3291 586 3350 viridis
600 3311 631 3350 se
647 3293 752 3350 subicit
766 3294 857 3352 alnus.

157 3392 332 3466 Surgamus:
354 3390 428 3447 solet
442 3407 506 3447 esse
520 3390 613 3464 gravis
628 3390 812 3448 cantantibus
825 3391 948 3465 umbra;

156 3487 282 3562 iuniperi
295 3486 388 3562 gravis
402 3487 525 3558 umbra;
546 3496 657 3543 nocent
671 3496 700 3544 et
714 3487 842 3562 frugibus
856 3489 988 3548 umbrae.

158 3585 204 3642 Ite
218 3583 341 3644 domum
355 3592 478 3656 saturae,
492 3583 573 3641 venit
588 3585 749 3658 Hesperus,
765 3584 804 3641 ite
819 3585 969 3659 capellae!

214 3709 238 3743 ⁵²
247 3711 331 3768 spelta.
346 3711 376 3757 R.
440 3709 464 3744 θ’
473 3711 634 3767 amadryades.
651 3711 678 3756 R.
744 3709 766 3743 ⁶²
777 3710 800 3743 ⁶³
810 3726 898 3758 rarum.
914 3713 956 3767 R.;
972 3727 1075 3760 rursum.
1091 3715 1124 3761 H.

214 3783 321 3832 ⁵⁶acres.
336 3785 371 3834 H.
743 3783 875 3843 “subjicit
891 3786 924 3832 H.
