2834 4292
152 283 275 350 11.148.]
465 273 531 338 The
551 273 669 338 Fraud
686 275 728 356 os
745 272 859 340 Sinara

152 461 305 531 mittimus,
320 458 403 534 isque
417 457 511 535 adytis
526 458 599 517 lraee
611 459 701 516 tristia
714 458 794 517 dicta
806 468 954 535 reportat:

153 558 306 631 Sanguine
312 557 456 632 placastis
469 565 566 616 uentos
579 564 608 613 et
619 557 733 630 vr'rgr'ne
746 575 842 626 caesa,

151 655 363 730 cumprimum
377 654 497 725 Iltircas,
512 654 630 725 Danai,
645 655 763 712 ventris
777 654 822 709 ad
831 671 901 710 oras
910 675 925 719 ,-

150 754 296 826 sanguine
309 752 472 826 quaerendi
484 752 604 822 recatus,
619 752 779 825 animaque
791 751 938 808 litamur

150 851 301 924 Argolica.
342 848 429 923 Volgi
443 865 518 923 quae
533 866 591 906 vox
604 858 636 906 ut
649 848 730 906 venit
742 847 782 904 ad
795 848 881 917 auris,

150 946 320 1021 obstipuere
335 945 433 1016 animi,
448 945 620 1020 gelidusque
635 962 688 1020 per
702 944 762 1002 ima
775 944 903 1002 cucurrit

149 1061 220 1101 ossa
234 1054 350 1114 tremor,
366 1043 413 1100 cui
427 1043 486 1100 iata
499 1053 612 1117 parent,
626 1059 716 1116 quem
730 1050 835 1115 poseat
849 1040 965 1115 Apollo.

194 1141 274 1197 ‘Hic
291 1140 408 1198 ithacus
422 1149 519 1198 vatem
534 1156 642 1214 magno
657 1137 820 1196 Calchanta
833 1138 958 1196 tumultu

149 1236 293 1312 protrahit
307 1237 338 1295 in
352 1235 486 1309 medios;
508 1254 583 1312 quae
597 1235 656 1294 siut
670 1254 707 1292 ea
720 1235 843 1293 nuurina
856 1233 966 1308 divom,

149 1333 279 1407 flagitat:
303 1342 332 1391 et
346 1333 418 1391 mihi
432 1334 490 1390 iam
504 1333 587 1392 multi
602 1331 721 1392 crudele
736 1332 883 1391 cauebant

148 1430 270 1488 artificis
283 1431 387 1500 scelus,
402 1440 432 1488 et
445 1431 525 1488 taciti
540 1441 660 1488 ventura
673 1429 822 1488 videbant

148 1526 203 1584 Bis
217 1527 322 1601 quinos
336 1527 402 1584 silet
414 1527 461 1585 ille
476 1526 548 1598 dies,
564 1537 720 1602 tectusque
733 1536 850 1586 recusat

149 1623 278 1698 prodere
292 1641 367 1697 voce
381 1641 434 1682 sua
448 1641 626 1698 quemquam
640 1635 691 1682 aut
704 1641 857 1699 opponere
872 1624 967 1684 morti.

147 1722 209 1777 Vix
222 1718 352 1792 tandem,
369 1721 482 1796 maguis
497 1721 592 1779 Ithaci
606 1720 784 1780 clamoribus
797 1732 890 1792 actus,

148 1818 317 1890 composito
331 1817 441 1892 rumpit
455 1835 569 1890 vocem,
583 1827 614 1875 et
628 1835 676 1875 me
687 1817 814 1876 destinat
827 1835 905 1876 arae.

147 1915 320 1972 Adsensere·
330 1931 444 1985 omues,
458 1925 497 1984 et,
512 1931 590 1990 quae
604 1914 659 1973 sibi
673 1915 797 1990 quisque
811 1915 943 1988 timebat,

147 2013 237 2088 uqius
251 2013 282 2070 in
295 2012 393 2070 miseri
407 2011 528 2070 exitium
542 2029 683 2070 conversa
692 2013 795 2071 tulere.

149 2111 275 2184 Iamque
289 2108 353 2168 dies
368 2109 488 2168 infanda
501 2108 601 2168 aderat
612 2128 620 2181 3
643 2109 715 2168 mihi
728 2128 811 2168 sacra
823 2109 927 2186 parari,

148 2218 181 2264 et
196 2207 286 2263 salsae
300 2207 406 2286 fruges,
422 2215 452 2266 et
465 2207 576 2264 circum
590 2216 725 2294 tempora
739 2208 846 2267 vittae:

148 2303 252 2377 eripui,
266 2303 367 2374 fateor,
383 2303 442 2362 leto
456 2321 514 2374 me,
530 2313 560 2361 et
573 2304 689 2362 vincula
702 2304 778 2380 rupi,

148 2401 314 2474 limosoque
328 2401 394 2458 lacu
407 2417 460 2476 per
474 2409 595 2460 noctem
609 2401 752 2460 obscurus
766 2402 797 2460 iu
810 2401 878 2460 ulva

148 2496 262 2566 delitui,
277 2495 349 2555 dum
362 2497 427 2555 vela
439 2496 552 2570 darent,
566 2499 591 2556 si
605 2498 678 2556 forte
694 2497 855 2558 dedissent.

148 2596 178 2652 N
181 2612 217 2651 ec
233 2593 303 2652 mihi
317 2595 375 2652 iam
389 2596 511 2670 patriam
525 2596 675 2671 antiquam
689 2614 758 2671 spes
772 2597 831 2654 ulla
842 2594 973 2671 videndi,

146 2710 207 2750 uec
222 2690 315 2750 dulcis
328 2702 412 2750 natos
427 2703 656 2768 exoptatumque
670 2703 844 2768 parentem3

146 2807 224 2864 quos
239 2789 278 2846 illi
292 2789 350 2848 fors
365 2798 395 2848 et
408 2807 519 2865 poenas
533 2791 574 2850 ob
588 2801 687 2848 nostra
699 2800 859 2866 reposcent

147 2885 266 2960 effugia,
281 2896 311 2944 et
325 2887 442 2962 culpam
457 2887 533 2946 hanc
548 2888 720 2946 miserorum
734 2896 828 2946 morte
839 2887 971 2964 piabunt.

147 2983 242 3058 Quod
256 2993 285 3042 te
299 3002 353 3059 per
366 3001 486 3060 superos
500 2995 531 3044 et
545 2986 665 3045 conscia
678 2986 800 3044 numina
813 2987 881 3058 veri,

146 3097 202 3156 per
215 3081 239 3138 si
254 3098 313 3154 qua
327 3091 372 3139 est
385 3099 461 3157 quae
476 3091 565 3140 restet
579 3081 677 3141 adhuc
692 3083 861 3142 mortalibus
875 3099 1000 3158 usquam

146 3178 321 3235 intemerata
333 3177 417 3250 fides,
432 3197 495 3251 oro,
509 3180 645 3238 miserere
661 3180 794 3238 laborum

145 3282 305 3346 tantorum,
319 3275 457 3334 miserere
471 3276 560 3346 animi
575 3293 636 3334 uon
649 3275 740 3352 digna
751 3277 889 3336 ferentis!

188 3371 247 3428 His
261 3371 387 3430 lacrimis
400 3373 491 3431 vitam
503 3372 619 3443 damus,
633 3382 663 3432 et
677 3374 892 3432 miserescimus
907 3373 992 3434 ultro.

147 3468 218 3544 lpse
232 3469 294 3527 viro
308 3469 418 3544 primus
432 3470 562 3528 manicas
577 3480 665 3546 atque
679 3480 743 3530 arta
756 3471 844 3529 levari

144 3565 243 3622 vincla
257 3565 338 3624 iubet
353 3567 491 3638 Priamus,
506 3566 651 3642 dictisque
666 3569 707 3626 ita
721 3569 796 3626 latur
809 3568 930 3627 amicist

146 3662 305 3738 ‘Quisquis
320 3680 361 3737 es,
376 3663 498 3723 amissos
513 3663 582 3722 hinc
596 3664 654 3722 iam
668 3665 840 3724 obliviscere
855 3665 982 3739 Graios3

576 3792 609 3828 m
620 3794 728 3852 ruptus.
744 3795 773 3842 tr
