2834 4292
133 293 170 344 11.
184 295 254 359 216.]
386 283 453 347 Thr
473 285 643 368 Perjured
666 284 807 367 Talaos
823 285 937 350 Sinon.

133 468 223 525 Hanc
237 485 291 542 pro
306 466 435 527 Palladio
449 468 562 540 moniti,
576 485 631 544 pro
645 468 766 527 numine
778 469 860 528 laeso

130 564 260 638 effigiem
274 574 410 637 statuere,
424 566 505 624 nefas
520 583 596 641 quae
610 566 690 624 triste
704 567 808 640 piaret.

130 662 221 719 Hanc
236 670 336 720 tamen
351 661 524 719 immensam
540 661 665 721 Calchas
680 663 810 720 attollere
824 663 935 722 molem

127 757 286 816 roboribus
300 758 386 816 textis
400 758 543 833 caeloque
558 757 684 816 educere
700 759 790 830 iussit,

127 871 169 913 ne
183 854 276 929 recipi
291 855 390 930 portis,
404 864 455 913 aut
468 854 537 913 duci
552 855 583 912 in
598 855 717 914 moenia
730 855 831 931 possit,

127 969 189 1009 neu
204 952 346 1026 populum
360 952 480 1026 antiqua
493 951 548 1009 sub
560 951 700 1027 religione
715 953 799 1010 tueri.

128 1049 212 1105 Nam
225 1048 250 1106 si
263 1058 358 1106 vestra
372 1066 474 1106 manus
489 1049 624 1106 violasset
638 1048 719 1108 dona
732 1050 892 1120 Minervae,

126 1155 194 1202 tum
208 1163 347 1220 magnum
362 1146 480 1203 exitium
500 1145 597 1220 (quod
612 1145 642 1204 di
657 1146 737 1221 prius
751 1163 840 1204 omen
855 1148 886 1204 in
899 1147 998 1222 ipsum

127 1252 304 1301 convertant
318 1245 339 1318 !)
359 1243 463 1300 Ptiami
478 1243 602 1319 imperio
617 1243 837 1319 Phrygibusque
852 1245 999 1319 futurum

126 1341 177 1397 sin
191 1339 325 1397 manibus
340 1341 439 1398 vestris
454 1349 579 1398 vestram
593 1339 774 1398 ascendisset
788 1342 818 1399 in
832 1343 945 1414 urbem,

126 1437 207 1494 ultro
222 1436 322 1494 Asiam
337 1455 445 1511 magno
460 1438 590 1512 Pelopea
603 1436 642 1495 ad
657 1438 775 1495 moenia
788 1439 867 1498 bello

104 1521 293 1618 genturam,
308 1542 337 1590 et
350 1543 465 1591 nostros
479 1551 515 1591 ea
528 1534 586 1591 sata
600 1551 718 1591 manere
734 1537 878 1609 nepotes)

170 1629 291 1688 Talibus
305 1627 417 1687 insidiis
430 1631 596 1705 periurique
611 1641 671 1688 arte
688 1632 805 1690 Sinonis

125 1725 243 1785 credita
257 1744 311 1797 res,
326 1727 464 1808 captique
479 1725 554 1786 dolis
568 1727 753 1803 lacrimisque
767 1731 888 1803 coactis,

125 1841 207 1900 quos
222 1840 318 1897 neque
331 1821 472 1899 TydideS,
486 1841 544 1881 nec
559 1825 727 1882 Larissaeus
741 1825 878 1899 Achilles,

124 1938 193 1980 non
207 1919 276 1978 anni
290 1919 432 1978 domuere
447 1919 563 1992 decern,
578 1939 638 1980 non
652 1921 731 1980 mille
746 1923 871 1982 carinae.

171 2017 236 2076 Hic
250 2016 329 2076 aliud
345 2017 437 2076 maius
453 2018 563 2076 miseris
579 2020 730 2093 multoque
745 2019 931 2080 tremendum

125 2105 263 2175 obicitur
271 2115 371 2190 magis,
387 2125 475 2190 atque
490 2115 654 2190 improvida
667 2126 790 2191 pectora
802 2117 907 2177 turbat.

125 2212 283 2283 laocobn,
297 2210 404 2270 ductus
420 2213 563 2287 Neptuno
577 2223 654 2272 sorte
669 2213 818 2284 sacerdos,

124 2309 279 2368 sollemnis
293 2318 407 2368 taurum
422 2310 572 2385 ingentem
589 2310 737 2394 mactabat
750 2310 789 2368 ad
803 2329 876 2370 aras.

125 2409 213 2466 Ecce
227 2417 326 2465 autern
339 2408 450 2484 gemini
464 2427 483 2465 a
496 2406 621 2466 Tenedo
636 2408 789 2482 tranquilla
802 2425 856 2483 per
868 2409 977 2466 alta-

125 2505 270 2563 horresco
283 2505 411 2563 referens
421 2537 461 2548 -·-
470 2505 620 2576 immensis
636 2505 755 2563 orbibus
769 2523 879 2580 angues

124 2600 304 2660 incumbunt
317 2601 432 2676 pelago,
447 2601 611 2676 pariterque
627 2599 666 2658 ad
680 2601 765 2658 litora
779 2600 924 2675 tendunt;

123 2707 252 2776 pectora
265 2716 391 2773 quorum
406 2699 481 2757 inter
493 2699 598 2757 fluctus
613 2709 726 2756 arrecta
740 2698 884 2773 iubaeque

125 2796 308 2872 sanguineae
322 2806 460 2871 superant
473 2796 568 2855 undas
580 2815 587 2866 3
610 2814 676 2872 pars
692 2805 791 2854 cetera
804 2805 930 2871 pontum

124 2912 208 2970 pone
223 2893 302 2967 legit,
316 2893 469 2968 sinuatque
484 2894 628 2952 immensa
642 2893 790 2952 volumine
803 2902 906 2976 terga.

126 2993 175 3051 Fit
190 2990 303 3049 sonitus
317 3000 471 3066 spumante
486 2991 566 3063 salo,
588 2991 706 3065 iamque
722 3009 789 3048 arva
802 2989 952 3063 tenebant,

125 3087 316 3162 ardentisque
331 3088 433 3146 oculos
447 3088 562 3146 suffecti
576 3089 717 3164 sanguine
732 3096 761 3146 et
775 3088 844 3162 igni,

105 3186 212 3272 ..Qua
225 3184 393 3243 lambebant
406 3184 510 3260 linguis
524 3185 702 3244 vibrantibus
716 3203 777 3244 ora.

127 3282 304 3357 Diffugimus
317 3281 380 3339 visu
394 3299 574 3356 exsangues:
597 3283 636 3339 illi
650 3283 768 3358 agmine
783 3292 864 3341 certo

127 3378 302 3438 Laocoiinta
314 3387 437 3453 petunt3
460 3388 489 3436 et
502 3379 628 3453 primum
642 3397 732 3454 parva
745 3378 871 3437 duomm

126 3493 255 3551 corpora
270 3484 406 3533 natorum
419 3493 540 3551 serpens
555 3476 705 3552 amplexus
720 3486 843 3549 uterque

126 3573 268 3648 implicat,
284 3583 313 3630 et
327 3553 743 3658 miseros⁵mqrsudepascitur
755 3584 854 3645 artus,

127 3682 197 3748 post
210 3672 306 3748 ipsum
321 3668 427 3728 auxilio
441 3670 617 3730 subeuntem
631 3687 667 3726 ac
681 3668 739 3726 tela
753 3669 897 3728 serentem

571 3799 606 3832 ¹⁸⁷
615 3805 698 3857 posset.
715 3801 742 3845 R.
