2834 4292
182 324 220 373 11.
234 322 304 390 560]
514 310 616 375 Scene
637 318 675 373 at
696 305 751 371 tlte
773 305 904 372 Palace.

182 516 260 556 unus
274 505 409 555 natorum
424 494 538 566 Pnami,
552 496 607 570 per
620 493 686 565 tela,
701 510 755 568 per
768 490 859 549 hostis

182 594 345 670 porticibus
360 592 452 667 longis
467 591 547 666 fugit,
563 599 593 648 et
607 608 701 648 vacua
714 590 785 646 atria
799 589 900 665 lustrat

182 692 319 749 saucius:
342 690 422 748 illum
437 687 543 747 ardens
557 687 662 745 infesto
677 686 794 743 volnere
810 683 935 759 Pyrrhus

182 788 353 863 insequitur,
367 786 425 843 iam
439 785 557 859 iamque
573 800 660 841 manu
676 790 757 839 tenet
770 790 801 837 et
814 780 921 855 premit
934 780 1028 839 hasta

182 887 226 945 Ut
240 883 360 942 taudem
374 892 441 941 aute
457 881 561 940 oculos
575 879 665 937 evasit
680 888 710 937 et
723 896 777 936 ora
786 886 952 952 parentum,

182 956 323 1052 concidit,
338 999 374 1038 ac
388 978 480 1037 multo
492 977 581 1035 vitam
597 993 665 1033 cum
680 974 821 1049 sanguine
835 971 919 1031 ludit.

184 1080 246 1137 Hic
262 1079 400 1150 Priamus,
415 1090 595 1152 quamquam
611 1073 641 1130 in
655 1070 754 1129 media
767 1070 826 1127 iam
839 1078 1071 1141 mortetenetur,

182 1195 244 1234 non
258 1186 356 1233 tamen
371 1174 518 1244 abstinuit,
535 1188 592 1229 nec
605 1168 673 1227 voci
687 1168 805 1242 iraeque
819 1166 970 1241 pepercit:

183 1275 240 1330 ‘At
253 1272 309 1331 tibi·
318 1290 373 1347 pro
387 1270 515 1341 scelere,'
532 1267 685 1335 exclamat,
703 1269 777 1339 ‘pro
791 1264 895 1322 talibus
909 1264 995 1335 ausis,

183 1370 223 1441 di,
239 1370 264 1428 si
277 1382 336 1444 qua
349 1378 393 1427 est
407 1368 490 1425 caelo
504 1366 606 1441 pietas,
625 1378 702 1437 quae
716 1361 785 1419 talia
797 1369 889 1431 curet,

181 1467 348 1542 persolvant
361 1475 456 1541 grates
470 1464 573 1539 dignas
587 1470 618 1520 et
635 1458 765 1535 praemia
777 1456 904 1516 reddant
952 1454 956 1462 ’

182 1564 292 1635 debita
306 1564 357 1637 qui
370 1563 430 1620 nati
444 1579 544 1619 coram
559 1578 607 1618 me
624 1574 744 1615 cernere
758 1556 850 1614 letum

180 1660 276 1719 fecisti
290 1670 320 1717 et
333 1660 442 1735 patrios
455 1657 580 1719 foedasti
594 1659 695 1715 funere
711 1656 815 1713 voltus.

180 1760 221 1815 At
235 1775 296 1815 non
310 1756 365 1829 ille,
380 1766 476 1815 satum
490 1773 550 1832 quo
565 1765 593 1814 te
608 1754 748 1825 mentiris,
764 1751 891 1810 Achilles

180 1856 247 1912 talis
261 1855 291 1912 in
305 1854 389 1913 hoste
403 1853 456 1911 fuit
471 1853 608 1926 Priamo;
629 1851 684 1911 sed
700 1852 762 1909 iura
777 1848 927 1924 fidemque

180 1952 321 2027 supplicis
336 1951 458 2022 erubuit,
475 1967 641 2025 corpusque
657 1966 805 2023 exsangue
820 1946 977 2021 sepulchro

179 2047 311 2107 reddidit
326 2050 519 2119 Hectoreum,
534 2064 641 2122 meque
656 2046 686 2103 in
701 2064 769 2104 mea
783 2063 874 2119 regna
887 2044 1017 2104 remisit!

149 2140 271 2204 ’Ἤρ
285 2146 359 2204 satus
374 2146 478 2216 senior,
493 2145 642 2219 telumque
657 2142 775 2202 imbelle
790 2143 854 2201 sine
868 2142 928 2200 ictu

180 2242 320 2314 coniecit,
334 2260 425 2301 rauco
438 2240 520 2317 quod
533 2242 664 2317 protinus
681 2258 748 2299 aere
763 2242 912 2317 repulsum

179 2360 199 2399 e
214 2358 331 2399 summo
345 2340 432 2415 clipei
446 2340 625 2415 nequiquam
639 2340 770 2397 umbone
785 2339 937 2416 pependit.

180 2439 239 2497 Cui
254 2438 396 2513 Pyrrhus:
420 2442 427 2468 ‘
441 2438 563 2497 Reseres
577 2454 647 2512 ergo
661 2436 737 2495 haec
753 2448 783 2496 et
797 2439 915 2497 nuntius
932 2438 988 2498 ibis

181 2534 302 2594 Pelidae
316 2535 459 2610 genitori,
481 2536 520 2593 illi
535 2553 602 2593 mea
616 2535 706 2593 tristia
721 2536 798 2595 facta

182 2631 420 2707 degeneremque
437 2632 668 2708 Neoptolemum
683 2654 799 2694 narrare
818 2648 978 2698 memento.

132 2734 135 2739 '
180 2730 273 2787 Nunc
287 2731 420 2788 morere’
463 2731 535 2789 Hoc
549 2729 652 2789 dicens
668 2732 769 2791 altaria
783 2735 821 2794 ad
836 2736 900 2813 ipsa
913 2745 1087 2796 trementem

178 2827 267 2884 traxit
281 2836 311 2884 et
326 2827 357 2885 in
371 2827 463 2885 multo
476 2828 640 2904 lapsantem
657 2832 799 2907 sanguine
813 2835 883 2906 nati,

179 2924 384 2999 implicuitque
399 2942 516 2983 comam
531 2924 622 2999 laeva,
641 2929 802 3007 dextraque
817 2952 974 2991 coruscum

180 3020 291 3093 extulit,
307 3039 343 3080 ac
357 3021 438 3079 lateri
453 3023 558 3098 capulo
574 3034 659 3085 tenus
674 3026 788 3088 abdidit
802 3049 913 3089 ensem.

180 3120 269 3177 Haec
283 3118 349 3177 finis
365 3120 470 3177 Priami
484 3121 630 3197 fatorum;
654 3124 702 3183 hic
719 3127 812 3185 exitus
826 3128 906 3186 illum

180 3226 258 3275 sorte
273 3216 347 3287 tulit,
362 3218 481 3277 Troiam
496 3220 646 3280 incensam
663 3232 692 3280 et
706 3224 841 3299 prolapsa
855 3225 1005 3283 videntem

181 3315 333 3388 Pergama,
348 3322 392 3372 tot
405 3316 557 3391 quondam
573 3319 689 3394 populls
704 3321 843 3396 terrisque
857 3322 1015 3398 superbum

179 3421 365 3485 regnatorem
380 3414 475 3472 Asiae.
519 3416 601 3473 Iacet
615 3416 718 3491 ingens
732 3418 814 3476 litore
829 3428 956 3491 truncus,

180 3510 370 3581 avolsumque
396 3508 502 3567 umeris
529 3521 626 3587 caput,
644 3523 674 3572 et
689 3514 752 3572 sine
768 3516 890 3573 nomine
906 3534 1023 3591 corpus.

221 3609 260 3665 At
274 3624 322 3664 me
337 3616 401 3664 tum
416 3608 543 3682 primum
557 3627 660 3667 saevus
676 3610 866 3671 circumstetit
881 3613 990 3672 horror,

180 3703 339 3779 Obstipui;
361 3703 449 3763 subiit
463 3706 523 3764 cari
536 3706 675 3783 genitoris
689 3708 796 3785 imago,

413 3836 447 3871 ⁶4⁶
456 3852 489 3884 ec.
510 3839 538 3884 R.
759 3836 796 3872 Μ
806 3852 871 3883 coma
882 3839 981 3885 laevam.
998 3840 1026 3886 R.
