2834 4292
217 312 277 376 116
462 330 506 377 1v.
533 312 721 395 Departure
732 315 828 398 from
848 313 1019 400 Carthage.
1146 324 1275 391 [AEum.

212 508 279 555 ante
293 497 391 573 lugam
406 496 532 569 suboles,
548 498 573 556 si
587 498 652 573 quis
666 499 738 558 mihi
751 499 888 575 parvulus
902 500 968 559 aula

211 592 324 652 luderet
338 596 463 666 Aeneas,
478 594 572 670 quite
587 605 687 653 tamen
702 613 753 653 ore
767 596 895 670 referret,

211 710 272 750 non
287 690 427 767 equidem
441 692 563 751 omnino
578 702 665 767 capta
679 711 715 750 ac
728 692 846 751 deserta
859 693 994 754 viderer!

253 790 382 847 Dixerat.
426 788 479 847 Ille
495 790 572 847 Iovis
588 790 705 849 monitis
720 790 843 849 immota
856 792 976 851 tenebat

210 887 329 957 lumina,
345 895 375 944 et
389 886 512 944 obnixus
528 904 628 943 curam
642 887 697 945 sub
712 887 802 946 corde
817 889 978 963 premebat.

210 984 345 1041 Tandem
360 1001 456 1058 pauca
469 982 573 1041 refert:
597 985 681 1059 ‘Ego
694 995 734 1055 te,
749 1004 824 1059 quae
838 986 964 1061 plurima
976 985 1068 1047 fando

211 1098 380 1138 enumerare
395 1080 482 1151 vales,
497 1098 667 1155 numquam,
682 1082 791 1156 regina,
806 1086 923 1160 negabo

211 1177 419 1253 promeritam;
441 1194 498 1234 nec
513 1194 562 1235 me
577 1177 744 1235 meminisse
758 1178 871 1253 pigebit
884 1178 1006 1251 Elissae,

211 1273 282 1333 dum
297 1274 487 1349 memetipse
502 1274 569 1345 mei,
585 1272 656 1331 dum
670 1274 787 1348 spiritus
801 1275 857 1333 hos
871 1275 946 1350 regit
957 1286 1045 1335 artus.

211 1373 267 1430 Pro
280 1389 311 1428 re
326 1389 421 1446 pauca
435 1371 545 1446 loquar.
589 1372 695 1447 Neque
711 1390 768 1448 ego
783 1372 860 1429 hanc
873 1371 1057 1431 abscondere
1070 1373 1148 1431 furto

211 1469 416 1545 speravi—ne
431 1468 508 1543 finge
518 1500 559 1511 —
569 1468 677 1543 lugam,
693 1487 751 1526 nec
766 1470 899 1544 coniugis
913 1486 1054 1545 umquam

211 1566 364 1642 praetendi
379 1564 490 1637 taedas,
506 1575 556 1624 aut
570 1566 645 1625 haec
659 1566 689 1623 in
705 1566 825 1625 foedera
837 1567 914 1626 veui.

213 1664 264 1721 Me
279 1664 303 1720 si
318 1663 375 1720 lata
389 1663 462 1719 meis
476 1672 644 1737 paterentur
658 1662 769 1723 ducere
782 1663 873 1721 vitam

212 1760 347 1835 auspiciis
362 1770 392 1819 et
406 1768 512 1835 sponte
527 1778 594 1818 mea
607 1778 788 1836 componere
802 1779 895 1832 curas,

211 1858 313 1915 urbem
327 1856 485 1913 Troianam
499 1857 625 1931 primum
640 1856 793 1933 dulcisque
807 1876 941 1917 meomm

211 1954 345 2029 reliquias
361 1953 498 2023 colerem,
515 1954 621 2013 Priami
634 1964 715 2013 tecta
727 1955 786 2013 alta
798 1965 960 2027 manerent,

211 2061 241 2108 et
255 2050 383 2108 recidiva
397 2069 484 2109 manu
500 2051 662 2125 posuissem
677 2054 820 2127 Pergama
831 2053 926 2111 victis.

212 2148 270 2206 Sed
284 2166 362 2205 nunc
378 2147 491 2205 Italiam
508 2166 644 2221 magnam
658 2150 794 2224 Gryneus
808 2149 924 2224 Apelle,

212 2246 325 2304 Italiam
341 2244 447 2320 Lyciae
462 2243 570 2303 iussere
585 2263 739 2321 capessere
753 2256 865 2305 sortes:

212 2342 260 2399 hic
274 2361 364 2414 amor,
380 2342 454 2399 haec
467 2342 560 2417 patria
574 2351 627 2399 est.
669 2342 699 2401 si
712 2352 742 2400 te
758 2343 943 2418 Karthaginis
956 2361 1049 2416 arces,

213 2440 412 2511 Phoenissam,
429 2440 614 2515 Libycaeque
629 2451 766 2514 aspectus
779 2439 893 2498 detinet
906 2440 993 2512 urbis,

212 2556 287 2612 quae
302 2537 432 2608 tandem,
447 2538 578 2595 Ausonia
590 2538 722 2595 Teucros
736 2536 891 2595 considere
903 2547 988 2610 terra,

212 2635 320 2693 invidia
334 2636 398 2693 est?
440 2636 478 2693 Et
492 2652 546 2693 nos
560 2634 603 2692 fas
618 2644 718 2692 extera
731 2652 870 2709 quaerere
884 2652 985 2713 regna.

213 2734 264 2791 Me
279 2734 367 2809 patris
381 2732 536 2803 Anchisae,
552 2731 687 2805 quotiens
701 2731 869 2790 umentibus
882 2732 991 2791 umbris

211 2848 271 2889 nox
284 2831 380 2906 operit
393 2840 492 2901 terras,
508 2830 644 2904 quotiens
658 2839 735 2887 astra
749 2829 834 2904 ignea
847 2838 977 2905 surgunt,

213 2927 353 2986 admonet
367 2928 397 2985 in
411 2928 522 2986 somnis
537 2937 567 2984 et
581 2925 699 2999 turbida
713 2936 801 2984 terret
814 2927 931 3001 imago,

212 3043 260 3083 me
275 3043 348 3100 puer
362 3026 504 3083 Ascanius
518 3025 681 3099 capitisque
696 3024 799 3081 iniuria
813 3024 882 3095 cari,

212 3141 302 3198 quem
316 3140 407 3198 regno
423 3123 587 3197 Hesperiae
602 3119 705 3179 fraudo
721 3131 751 3178 et
765 3121 899 3179 fatalibus
912 3120 995 3182 arvis.

213 3222 301 3279 Nunc
316 3222 405 3278 etiam
420 3221 562 3295 interpres
577 3218 686 3289 divom,
703 3220 775 3277 Iove
790 3220 894 3277 missus
908 3219 947 3278 ab
960 3221 1074 3295 ipso—

212 3328 303 3377 testor
317 3329 471 3394 utrumque
486 3327 575 3394 caput
584 3349 624 3361 —
633 3317 735 3375 celeris
750 3316 888 3376 mandata
901 3334 955 3393 per
967 3336 1051 3377 auras

213 3416 336 3489 detulit;
357 3417 419 3492 ipse
434 3416 524 3475 deum
538 3415 693 3473 manifesto
707 3415 739 3473 in
752 3414 864 3474 lumine
878 3414 938 3472 vidi

213 3515 370 3573 intrantem
383 3533 491 3586 muros,
506 3533 670 3590 vocemque
684 3513 729 3572 his
743 3513 859 3571 auribus
873 3512 966 3573 hausi.

215 3613 324 3671 Desine
339 3631 446 3690 meque
460 3613 516 3671 tuis
531 3613 688 3673 incendere
703 3624 792 3689 teque
806 3612 949 3688 querelis:

215 3712 329 3771 Italiam
342 3730 403 3771 non
418 3721 522 3788 sponte
538 3714 663 3787 sequor!

637 3836 670 3871 ωδ
676 3837 799 3895 pranulus.
816 3837 845 3884 R.
