2834 4292
216 300 257 361 82
519 316 553 363 11.
581 299 611 361 T
607 300 648 363 lte
669 300 750 363 Fall
768 304 810 384 os
831 303 921 385 Troy.
1147 313 1276 379 [AErmo.

215 480 400 556 congeritur3
421 482 504 557 pueri
518 492 549 541 et
562 482 685 559 pavidae
699 484 789 561 longo
803 485 907 545 ordine
921 496 1028 545 matres

215 586 291 652 stant
306 578 426 637 circum.

255 676 350 733 Ausus
364 676 434 750 quin
449 676 536 734 etiam
550 695 639 735 voces
654 677 761 736 iactare
775 696 829 754 per
842 681 976 740 umbram

213 771 332 847 implevi
346 773 474 831 clamore
488 774 556 845 vias,
571 784 759 850 maestusque
774 778 916 835 Creusam

214 869 393 943 nequiquam
408 870 591 945 ingeminans
605 872 769 948 iterumque
782 874 948 950 iterumque
961 875 1074 934 vocavi.

216 966 376 1040 Quaerenti
390 975 419 1024 et
433 966 517 1025 tectis
531 968 610 1025 urbis
625 968 689 1027 sine
702 969 762 1027 fine
776 971 883 1028 furenti

215 1062 314 1121 infelix
328 1063 514 1121 simulacrum
529 1075 615 1140 atque
631 1065 721 1141 ipsius
735 1068 839 1125 umbra
852 1069 982 1127 Cretisae

214 1160 277 1217 visa
290 1159 361 1218 mihi
376 1171 443 1218 ante
457 1161 559 1219 oculos
574 1171 603 1219 et
617 1171 688 1220 nota
701 1164 795 1221 maior
808 1164 916 1240 imago.

215 1258 361 1333 Obstipui,
377 1266 574 1334 steteruntque
590 1277 694 1317 comae
710 1271 740 1318 et
752 1279 810 1318 vox
824 1261 955 1321 faucibus
970 1262 1072 1321 haesit.

220 1352 311 1433 [Tum
327 1355 369 1413 sic
383 1354 475 1412 adfari
489 1366 519 1413 et
537 1374 618 1415 curas
634 1355 678 1415 his
692 1356 813 1416 demere
827 1358 915 1417 dictis
927 1358 965 1438 :]

216 1451 313 1526 ‘Quid
328 1462 439 1509 tantum
454 1452 557 1511 insano
570 1453 649 1513 iuvat
663 1454 814 1529 indulgere
827 1454 932 1527 dolori,

216 1549 245 1608 Ο
259 1547 352 1607 dulcis
367 1550 515 1609 coniunx?
557 1552 627 1609 Non
642 1550 716 1609 haec
730 1552 793 1609 sine
806 1553 928 1610 numine
942 1551 1043 1611 divom

216 1646 372 1719 eveniunt3
393 1664 450 1705 nec
465 1658 493 1705 te
509 1648 577 1705 hinc
592 1649 732 1706 comitem
745 1659 893 1725 asportare
908 1650 1051 1709 Creusam

215 1745 266 1815 las,
281 1754 331 1802 aut
345 1744 391 1801 ille
405 1744 473 1802 sinit
487 1746 583 1821 superi
596 1755 732 1821 regnator
746 1746 874 1822 Olympi.

216 1844 318 1918 Longa
332 1842 383 1901 tibi
398 1844 504 1915 exsilia,
521 1853 549 1901 et
563 1853 676 1901 vastum
690 1844 777 1901 maris
791 1862 902 1920 aequor
915 1843 1068 1916 arandum,

216 1950 245 1997 et
260 1949 364 1998 terram
380 1940 556 2015 Hesperiam
571 1941 680 2012 venies,
696 1941 746 1998 ubi
761 1940 871 2016 Lydius
885 1960 955 1999 arva

216 2039 289 2096 inter
303 2038 402 2113 opima
415 2040 507 2095 virum
521 2038 579 2095 leni
593 2038 654 2095 fluit
668 2038 784 2113 agmine
798 2038 941 2114 Thybris:

215 2136 273 2195 illic
287 2154 333 2194 res
347 2136 440 2193 laetae
455 2152 634 2211 regnumque
649 2145 678 2193 et
693 2136 773 2210 regia
786 2136 916 2193 coniunx

214 2242 297 2309 parta
309 2234 371 2292 tibi.
414 2233 561 2291 Lacrimas
576 2231 700 2290 dilectae
716 2233 791 2307 pelle
807 2233 945 2291 Creusae.

217 2332 286 2389 Non
301 2349 357 2407 ego
372 2329 592 2406 Myrmidonum
606 2329 691 2387 sedes
707 2330 893 2404 Dolopumve
907 2328 1048 2405 superbas

216 2428 365 2503 aspiciam,
382 2438 431 2485 aut
445 2428 539 2487 Graiis
554 2428 690 2485 servitum
704 2427 843 2485 matribus
858 2427 917 2500 ibo,

164 2530 166 2535 '
217 2524 370 2597 Dardanis,
386 2536 415 2583 et
429 2524 514 2605 divae
528 2525 649 2583 Veneris
664 2543 762 2584 nurus.

216 2622 274 2682 Sed
288 2642 336 2680 me
350 2641 457 2699 magna
471 2622 560 2680 deum
574 2621 705 2697 genetrix
719 2621 764 2680 his
778 2621 891 2680 detinet
904 2621 980 2680 oris:

216 2721 331 2797 iamque
345 2722 417 2791 vale,
434 2730 463 2778 et
476 2721 536 2779 nati
551 2738 633 2778 serva
647 2720 811 2777 communis
825 2720 976 2777 amorem!

216 2819 303 2877 Haec
317 2818 366 2876 ubi
381 2816 461 2876 dicta
474 2816 565 2889 dedit,
580 2817 782 2875 lacrimantem
796 2827 826 2875 et
839 2817 932 2875 multa
944 2816 1093 2874 volentem

216 2915 314 2974 dicere
329 2914 463 2987 deseruit,
479 2916 632 2990 tenuisque
646 2915 766 2973 recessit
779 2916 810 2972 in
824 2932 917 2972 auras.

214 3014 275 3071 Ter
288 3024 409 3071 conatus
423 3014 463 3071 ibi
478 3013 553 3071 collo
568 3012 636 3070 dare
652 3012 789 3070 bracchia
803 3013 933 3070 circum:

215 3119 259 3169 ter
273 3110 374 3169 frustra
388 3129 563 3186 comprensa
577 3129 679 3169 manus
694 3110 794 3185 effugit
808 3111 914 3185 imago,

215 3226 268 3285 par
280 3208 390 3267 levibus
403 3208 496 3266 ventis
510 3208 677 3283 volucrique
693 3208 837 3267 simillima
851 3224 966 3265 somno.

257 3306 303 3365 Sic
318 3305 438 3364 demum
453 3306 549 3383 socios
563 3316 739 3382 consumpta
753 3316 841 3364 nocte
856 3305 959 3363 reviso.

215 3405 310 3477 Atque
326 3403 373 3460 hic
388 3403 536 3479 ingentem
552 3403 692 3461 comitum
707 3403 861 3462 adfluxisse
876 3419 1019 3460 novorum

216 3499 332 3558 invenio
348 3498 492 3558 admirans
506 3518 670 3572 numerum,
686 3511 851 3576 matresque
865 3501 1011 3573 virosque,

216 3597 369 3655 collectam
383 3597 484 3654 exsilio
498 3597 617 3672 pubem,
633 3598 795 3657 miserabile
809 3598 920 3673 volgus.

215 3694 356 3770 Undique
371 3711 544 3767 convenere,
561 3694 663 3754 animis
678 3695 841 3771 opibusque
856 3694 956 3771 parati,

627 3822 661 3856 ⁷⁷⁶
673 3823 786 3883 Rejected
796 3825 828 3882 by
836 3825 864 3870 R.
