2834 4292
135 321 269 389 1V.53o.]
427 310 458 377 A
483 312 633 377 Funeral
651 311 731 375 Pila
753 310 785 375 is
806 312 914 379 Bua'lt.

136 505 247 555 cuncta
260 498 314 555 viri
329 507 520 557 monumenta
534 497 622 570 iuvat,
636 506 837 571 monstratque
850 495 1009 557 sacerdos’

138 596 227 653 Haec
241 595 331 653 effata
344 596 428 668 silet;
449 597 542 671 pallor
555 596 641 655 simul
654 605 783 669 occupat
796 612 856 652 ora.

137 693 209 750 Non
223 702 323 750 tamen
338 694 425 751 Anna
438 693 521 751 novis
536 704 705 768 praetexere
721 691 822 749 lunera
834 692 924 751 sacris

136 806 309 863 germanam
322 790 425 862 credit,
440 808 498 847 nec
511 800 608 849 tantos
623 800 724 847 mente
737 789 848 847 sutores

137 887 279 961 concipit,
295 897 348 959 aut
359 874 491 962 graviora
504 888 596 958 timet,
612 904 700 961 quam
715 894 809 943 morte
824 884 966 961 Sychaei:

136 1002 207 1059 ergo
222 984 300 1041 iussa
314 994 404 1058 parat.

177 1083 217 1138 At
230 1081 340 1155 regina,
355 1098 427 1157 pyra
441 1081 582 1156 penetrali
596 1082 626 1139 in
640 1079 712 1139 sede
726 1080 782 1139 sub
795 1097 879 1139 auras

136 1186 237 1236 erecta
250 1178 361 1253 ingenti
376 1177 469 1237 taedis
485 1176 573 1253 a'tque
589 1178 655 1235 ilice
670 1187 759 1248 secta,

135 1273 321 1350 intenditque
337 1275 435 1333 locum
450 1276 543 1348 sertis,
558 1284 588 1333 et
602 1273 706 1333 fronde
721 1283 846 1333 coronat

134 1373 276 1443 funerea3
299 1390 387 1446 super
401 1373 518 1431 exuvias
533 1389 693 1447 ensemque
707 1372 841 1430 relictum
922 1376 925 1381 ’

134 1469 322 1545 effigiemque
338 1478 402 1527 toro
416 1469 503 1541 locat,
519 1468 598 1527 haud
613 1470 713 1545 ignara
726 1469 822 1530 futuri.

133 1567 219 1624 Stant
233 1584 298 1623 arae
314 1566 434 1637 circum,
449 1576 480 1623 et
494 1566 588 1625 crines
602 1566 694 1625 effusa
707 1566 845 1627 sacerdos

131 1674 180 1720 ter
196 1672 313 1721 centum
329 1672 411 1721 tonat
425 1681 476 1723 ore
491 1663 574 1735 deos,
590 1666 783 1741 Erebumque
792 1666 960 1743 Chaosque,

87 1760 385 1843 „tergeminamque
402 1762 549 1833 Hecaten,
564 1762 618 1820 tn'a
630 1762 748 1839 virginis
761 1782 813 1822 ora
827 1766 951 1827 Dianae.

132 1858 285 1933 Sparserat
298 1868 328 1916 et
343 1859 442 1919 latices
457 1860 606 1919 simulatos
620 1860 708 1919 fontis
722 1863 839 1934 Averni,

131 1955 257 2013 falcibus
271 1964 301 2015 et
315 1974 429 2015 messae
443 1957 482 2016 ad
497 1958 597 2016 lunam
610 1969 789 2033 quaeruntur
801 1961 883 2021 ae'nis

131 2054 281 2129 pubentes
295 2054 403 2115 herbae
418 2056 492 2131 nigri
506 2074 574 2115 cum
589 2056 665 2115 lacte
679 2058 804 2133 veneni3

75 2136 78 2144 ’
133 2152 285 2226 quaeritur
299 2162 329 2211 et
342 2153 488 2211 nascentis
502 2154 571 2228 equi
585 2153 624 2213 de
638 2155 734 2214 fronte
748 2156 879 2216 revolsus

131 2262 163 2307 et
178 2250 264 2307 matri
277 2261 446 2325 praereptus
460 2268 551 2309 amor.

133 2349 206 2423 Ipsa
220 2347 301 2405 mola
314 2348 507 2423 manibusque
522 2348 577 2423 piis
591 2349 692 2408 altaria
705 2350 797 2424 iuxta,

131 2464 227 2503 unum
242 2454 330 2503 exuta
342 2444 452 2520 pedem
466 2445 579 2518 vinclis,
594 2446 625 2505 in
638 2459 720 2506 veste
734 2450 875 2523 recincta,

130 2552 256 2602 testatur
269 2542 407 2601 moritura
421 2541 494 2603 deos
510 2553 540 2601 et
553 2544 673 2603 conscia
685 2545 737 2603 sati

131 2640 231 2699 sidera
242 2660 251 2711 ;
272 2648 344 2712 tum,
359 2638 384 2699 si
397 2638 480 2715 quod
493 2658 555 2699 non
569 2658 666 2717 aequo
680 2642 801 2703 foedere
814 2656 946 2705 amantes

130 2754 221 2797 curae
235 2754 346 2795 numen
361 2736 450 2795 habet
463 2738 631 2813 iustumque
646 2758 829 2816 memorque,
844 2754 987 2819 precatur.

170 2834 245 2895 Nox
259 2842 328 2905 erat,
344 2843 374 2892 et
387 2833 538 2909 placidum
552 2836 713 2911 carpebant
726 2838 803 2896 sessa
814 2857 950 2915 soporem

130 2949 259 3007 corpora
273 2948 326 3007 per
340 2940 440 3002 terras,
455 2932 602 3007 silvaeque
617 2944 647 2991 et
661 2952 749 2993 saeva
761 2935 895 3009 quierant

130 3046 279 3103 aequora:
301 3046 370 3086 cum
386 3027 486 3087 medio
500 3029 655 3089 volvuntur
668 3030 766 3090 sidera
779 3033 872 3109 lapsu,

130 3144 201 3184 cum
216 3133 295 3186 tacet
308 3126 405 3184 omnis
419 3144 496 3202 ager,
511 3127 645 3203 pecudes
659 3129 816 3206 pictaeque
830 3132 971 3207 volucres,

44 3277 49 3285 .,
131 3240 268 3298 quaeque
283 3222 363 3281 lacus
378 3222 435 3281 late
450 3223 587 3299 liquidos,
603 3244 738 3301 quaeque
752 3246 857 3303 aspera
869 3229 966 3289 dumis

130 3338 197 3377 mra
211 3328 322 3391 tenent,
337 3337 443 3379 somno
457 3321 571 3397 positae
586 3322 641 3381 sub
654 3335 744 3382 nocte
758 3326 855 3386 silenti

134 3413 282 3493 [lenibant
297 3434 391 3488 curas,
406 3425 437 3475 et
450 3416 542 3477 corda
558 3418 648 3477 oblita
661 3420 824 3501 laborum}

131 3516 169 3571 At
182 3531 245 3571 non
259 3513 358 3571 infelix
372 3513 462 3573 animi
477 3514 646 3589 Phoenissa,
662 3536 719 3576 nec
733 3538 874 3595 umquam

131 3610 250 3669 solvitur
264 3610 294 3668 in
308 3628 438 3685 somnos,
453 3612 581 3672 oculisve
597 3623 646 3673 aut
661 3626 782 3691 pectore
796 3629 917 3679 noctem
1147 3632 1193 3679 530

216 3766 251 3802 Μ
261 3770 371 3826 concepit.
387 3769 416 3818 R.
545 3769 579 3806 4⁸⁶
588 3770 647 3818 aher
656 3770 696 3822 ⁵¹³.
713 3775 741 3822 R.
866 3778 899 3812 Μ
910 3780 1023 3837 Rejecteu
1033 3782 1064 3839 by
1075 3782 1104 3828 R.

216 3832 251 3870 tlt
262 3835 357 3885 mlum,
373 3837 404 3886 R,
603 3870 605 3873 .
866 3844 900 3879 Μ
909 3860 991 3904 neque.
1007 3847 1036 3894 R.
