2834 4292
239 334 300 395 114
486 330 530 375 1v.
556 310 745 394 Departure
756 308 852 391 from
871 303 1043 387 Carthage.

275 501 317 560 Ut
333 498 461 574 primum
476 496 557 555 alatis
572 494 665 570 tetigit
680 492 805 568 magalia
819 490 934 567 plantis,

235 600 357 657 Aenean
373 594 546 654 fundantem
562 610 644 650 arces
659 610 695 648 ac
708 600 789 647 tecta
801 597 962 647 novantem

235 694 400 770 conspicit3
423 703 511 767 atque
527 690 565 747 illi
581 689 708 747 stellatus
723 686 837 762 iaspide
851 685 929 743 fulva

236 793 312 851 ensis
328 800 396 863 erat,
411 790 558 866 Tyrioque
575 786 697 845 ardebat
712 784 823 843 murice
838 783 924 840 laena

235 890 362 948 demissa
385 907 421 947 ex
446 888 562 959 umeris,
578 884 659 943 dives
674 900 749 974 quae
763 898 887 939 munera
901 876 982 937 Dido

236 986 353 1056 fecerat,
368 994 398 1042 et
412 984 493 1043 tenui
507 984 578 1041 telas
593 982 768 1039 discreverat
783 995 865 1036 auro.

237 1082 386 1141 Continuo
401 1080 529 1138 invadit:
553 1081 615 1137 ‘Tu
629 1096 708 1136 nunc
724 1073 910 1149 Karthaginis
924 1072 998 1130 altae

167 1200 175 1219 ·
236 1178 427 1237 fundamenta
440 1177 529 1248 locas,
545 1176 756 1251 pulchramque
770 1173 889 1231 uxorius
904 1170 1008 1229 urbem

198 1275 366 1359 ρ-ςζξιξκῐῐιιίε,
382 1275 440 1333 heu
454 1275 534 1349 regni
549 1290 703 1347 rerumque
718 1272 809 1330 oblite
824 1268 961 1327 tuarum?

238 1376 306 1449 Ipse
321 1372 411 1431 deum
425 1373 476 1431 tibi
491 1390 537 1430 me
552 1372 630 1429 claro
645 1370 772 1429 demittit
786 1368 916 1444 Olympo

235 1480 379 1547 regnator,
395 1470 509 1528 caelum
522 1488 557 1527 ac
573 1477 663 1527 terras
676 1467 730 1543 qui
743 1466 864 1525 numine
877 1472 1015 1540 torquet3

236 1570 299 1643 ipse
314 1568 388 1627 haec
402 1568 474 1626 serre
489 1567 569 1626 iubet
583 1566 685 1623 celeris
700 1564 839 1623 mandata
852 1582 905 1639 per
919 1580 1021 1620 auras:

237 1665 309 1741 quid
323 1666 416 1738 struis,
431 1675 480 1723 aut
495 1683 553 1739 qua
566 1682 619 1739 spe
635 1663 751 1738 Libycis
764 1663 832 1720 teris
846 1662 907 1720 otia
920 1660 1023 1719 terris?

238 1764 266 1822 Si
280 1773 310 1821 te
326 1763 403 1821 nulla
417 1773 516 1821 movet
530 1771 673 1820 tantarum
688 1761 780 1835 gloria
792 1776 898 1830 rerum,

241 1858 314 1939 [nec
328 1878 415 1937 super
428 1861 490 1935 ipse
506 1869 556 1917 tua
570 1858 678 1916 moliris
694 1856 781 1915 laude
795 1851 953 1933 laborem]

237 1959 395 2017 Ascanium
410 1966 576 2033 surgentem
590 1965 620 2013 et
634 1973 701 2029 spes
717 1952 832 2012 heredis
847 1953 903 2011 Iuli

236 2056 359 2131 respice,
376 2054 423 2113 cui
437 2072 559 2130 regnum
574 2053 674 2111 Italiae
690 2054 885 2126 Romanaque
899 2048 983 2109 tellus

238 2153 400 2211 debentur!
441 2153 504 2209 Tali
520 2150 667 2227 Cyllenius
682 2168 733 2209 ore
747 2150 862 2207 locutus

237 2250 365 2309 mortalis
379 2250 455 2307 visus
470 2248 570 2307 medio
585 2266 720 2306 sermone
734 2246 857 2322 reliquit,

237 2356 267 2405 et
281 2347 383 2423 procul
396 2347 427 2404 in
441 2356 561 2404 tenuem
575 2363 612 2403 ex
625 2344 719 2403 oculis
733 2343 851 2401 evanuit
864 2361 973 2403 auram.

277 2447 316 2503 At
330 2462 398 2502 vero
412 2445 528 2501 Aeneas
544 2450 664 2517 aspectu
679 2441 825 2501 obmutuit
838 2460 950 2514 amens,

238 2552 424 2617 arrectaeque
439 2540 556 2600 horrore
567 2558 684 2612 comae,
701 2549 732 2597 et
743 2558 803 2597 vox
815 2539 947 2599 sarucibus
962 2539 1065 2599 haesit.
1248 2537 1294 2583 ²⁸0

237 2640 329 2699 Ardet
343 2640 421 2698 abire
435 2640 503 2714 fuga
517 2637 668 2713 dulcisque
682 2637 845 2712 relinquere
859 2646 958 2710 terras,

238 2738 375 2796 attonitus
390 2747 471 2795 tanto
486 2737 598 2795 monitu
613 2735 795 2810 imperioque
809 2734 942 2794 deorum.

238 2837 309 2894 Heu
323 2833 394 2911 quid
409 2835 495 2910 agat?
538 2834 606 2907 Quo
620 2851 699 2891 nunc
713 2832 845 2907 reginam
858 2834 971 2915 ambire
985 2834 1129 2893 furentem

237 2931 344 2991 audeat
367 2931 488 2991 adfatu?
529 2932 614 3005 Quae
629 2931 724 3006 prima
737 2929 857 2988 exordia
870 2932 987 2989 sumat?

236 3032 332 3104 Atque
347 3028 477 3087 animum
490 3046 569 3087 nunc
583 3028 642 3086 huc
657 3028 793 3099 celerem,
808 3046 890 3085 nunc
905 3026 1009 3087 dividit
1022 3026 1098 3099 illuc,
1249 3026 1291 3083 28⁵

236 3128 266 3185 in
281 3126 428 3202 partisque
442 3127 517 3201 rapit
530 3125 621 3184 varias
635 3144 745 3201 perque
760 3126 861 3184 omnia
874 3134 979 3185 versat.

238 3227 325 3283 Haec
339 3224 491 3283 alternanti
506 3224 604 3300 potior
618 3225 763 3281 sententia
776 3224 838 3282 visa
853 3231 916 3281 est:

237 3322 394 3380 Mnesthea
407 3323 631 3396 Sergestumque
646 3330 735 3379 vocat
750 3318 913 3395 fortemque
929 3320 1084 3392 Serestum,

237 3420 361 3477 classem
374 3428 476 3495 aptent
489 3419 568 3477 taciti
585 3418 740 3493 sociosque
756 3417 795 3475 ad
809 3418 894 3476 litora
908 3426 1025 3493 cogant,

236 3535 317 3576 arma
329 3525 440 3593 parent,
456 3527 486 3575 et
500 3534 575 3592 quae
591 3516 678 3574 rebus
692 3515 731 3573 sit
745 3533 833 3572 causa
845 3514 989 3573 novandis

237 3614 437 3686 dissimulent;
460 3632 524 3673 sese
540 3614 659 3684 interea,
674 3611 795 3689 quaudo
809 3621 932 3687 optuma
946 3610 1028 3671 Dido

236 3712 348 3772 nesciat
362 3721 391 3771 et
405 3721 501 3770 tantos
515 3710 611 3784 rumpi
626 3728 687 3768 non
701 3718 800 3784 speret
813 3725 939 3780 amores,

418 3837 452 3873 Μ
463 3837 576 3897 Relected
586 3837 616 3894 by
628 3838 656 3883 R.
886 3835 919 3870 Μ
932 3836 1059 3883 Cullenius.
1074 3836 1103 3883 R.
