2834 4292
149 321 256 386 1.119.]
429 311 553 376 AEolus
576 310 697 374 Rarlres
718 331 740 372 a
768 309 800 372 Τ
796 318 925 392 empcst.

149 497 320 572 Insequitur
335 495 503 572 clamorque
516 495 610 554 virum
625 492 789 570 stridorque
802 491 970 552 rudentum.

149 595 288 669 Eripiunt
301 593 399 652 subito
413 593 506 652 nubes
521 592 695 666 caelumque
710 590 849 666 diemque

147 692 332 749 Teucrorum
347 707 384 748 ex
397 689 510 762 oculis3
531 697 624 764 ponto
638 707 699 746 nox
713 688 832 746 incubat
844 697 916 746 atra.

149 790 311 846 Intonuere
325 787 395 863 poli,
410 795 439 844 et
454 786 561 844 crebris
575 786 665 842 micat
679 785 795 860 ignibus
807 784 918 856 aether,

147 894 395 960 praesentemque
408 883 474 941 viris
489 883 633 940 intentant
647 882 749 940 omnia
760 891 896 940 mortem.

193 981 351 1057 Extemplo
365 983 484 1040 Aeneae
499 980 649 1038 solvuntur
663 978 769 1053 frigore
782 978 933 1038 membra:

148 1079 281 1152 ingemit,
296 1087 327 1136 et
341 1077 465 1153 duplicis
479 1077 605 1136 tendens
622 1075 661 1134 ad
676 1075 773 1134 sidera
784 1077 897 1151 palmas

148 1177 219 1233 talia
232 1193 306 1234 voce
320 1175 425 1234 refert:
448 1176 492 1234 ⁴0
506 1186 608 1250 terque
623 1185 784 1250 quaterque
798 1175 887 1246 beati,

149 1273 216 1347 quis
230 1282 298 1330 ante
312 1289 364 1330 ora
376 1281 490 1347 patrum
504 1272 611 1330 Troiae
627 1273 682 1330 sub
695 1272 850 1332 moenibus
863 1272 927 1330 altis

150 1370 274 1444 contigit
287 1379 428 1444 oppetere
442 1374 449 1428 l
490 1370 519 1428 Ο
534 1370 671 1428 Danaum
687 1370 841 1428 fortissime
854 1371 950 1447 gentis

148 1466 287 1552 quigle!
329 1468 420 1525 Mene
436 1467 533 1526 Iliacis
547 1468 726 1526 occumbere
740 1470 853 1543 campis

148 1582 211 1622 non
225 1563 365 1638 potuisse,
379 1572 488 1639 tuaque
503 1564 630 1622 animam
646 1565 725 1623 hanc
738 1565 888 1624 effundere
902 1565 1014 1639 dextra,

149 1679 253 1718 saevus
267 1661 319 1719 ubi
332 1659 480 1719 Aeacidae
495 1661 556 1719 telo
571 1661 647 1720 iacet
664 1663 788 1733 Hector,
802 1663 854 1722 ubi
866 1663 970 1738 ingens

150 1756 312 1832 Sarpedon,
327 1757 378 1816 ubi
392 1766 436 1815 tot
450 1757 554 1816 Simois
570 1769 706 1833 correpta
719 1759 774 1818 sub
783 1759 870 1818 undis

150 1864 234 1912 scuta
247 1855 341 1912 virum
355 1854 511 1930 galeasque
526 1865 556 1912 et
570 1855 655 1912 fortia
669 1873 794 1931 corpora
805 1857 930 1915 volviti'

190 1952 274 2036 Talia
287 1950 407 2028 iactanti
422 1950 548 2010 stridens
563 1952 710 2026 Aquilone
725 1953 855 2027 procella

149 2051 246 2108 velum
262 2048 383 2107 adversa
393 2049 466 2120 serit,
481 2048 646 2124 fluctusque
662 2048 701 2107 ad
715 2048 812 2108 sidera
824 2050 909 2110 tollit.

151 2147 335 2221 Franguntur
348 2145 441 2219 remi3
461 2155 525 2204 tum
539 2163 626 2221 prora
640 2147 751 2218 avertit,
765 2156 796 2205 et
809 2147 896 2206 undis

151 2241 202 2300 dat
215 2243 288 2300 latus
300 2260 307 2311 ;
329 2242 489 2316 insequitur
502 2242 620 2301 cumulo
634 2253 806 2318 praeruptus
819 2263 913 2320 aquae
927 2263 1024 2306 mons.

151 2340 195 2398 Hi
209 2357 326 2396 summo
340 2339 370 2397 in
384 2337 474 2397 fluctu
488 2339 640 2414 pendent;
663 2341 707 2398 his
722 2340 803 2399 unda
816 2340 973 2400 dehiscens

150 2445 255 2494 terram
270 2435 463 2494 intertinctus
477 2437 589 2511 aperit;
611 2437 677 2496 furit
690 2448 789 2496 aestus
803 2437 906 2498 arenis.

113 2509 214 2592 a''ff'ris
229 2534 326 2592 Notus
341 2535 475 2610 abreptas
489 2533 520 2592 in
535 2550 604 2592 saxa
617 2534 737 2594 latentia
750 2545 914 2611 torquet-

149 2649 219 2688 saxa
231 2640 340 2688 vocant
354 2631 419 2689 Itali
432 2630 539 2690 mediis
554 2649 631 2706 quae
645 2633 675 2690 in
690 2633 826 2692 fluctibus
840 2651 950 2694 aras-

148 2726 270 2787 dorsum
283 2728 411 2786 immane
426 2729 499 2786 mari
513 2747 649 2802 summo;
671 2729 722 2788 tris
737 2731 832 2789 Eurus
845 2731 884 2790 ab
897 2732 957 2790 alto

148 2825 178 2883 in
192 2825 293 2884 brevia
306 2833 336 2882 et
350 2825 438 2900 Syrtis
452 2835 566 2900 urguet,
582 2825 746 2906 miserabile
760 2827 833 2898 visu,

147 2922 301 2997 inliditque
312 2921 394 2980 vadis
407 2932 495 2998 atque
510 2941 616 2998 aggere
632 2923 724 2999 cingit
738 2942 853 2984 arenae.

147 3022 258 3092 Unam,
273 3008 349 3094 quae
363 3020 469 3095 Lycios
485 3019 637 3095 fidumque
652 3021 778 3080 vehebat
791 3023 936 3096 Oronten,

146 3118 236 3192 ipsius
252 3125 321 3174 ante
336 3116 438 3174 oculos
454 3118 558 3192 ingens
573 3135 592 3174 a
606 3119 715 3176 vertice
729 3129 839 3194 pontus

145 3215 176 3272 in
189 3213 315 3290 puppim
330 3213 412 3272 ferit:
437 3215 581 3273 excutitur
596 3233 767 3291 pronusque
781 3216 918 3292 magister

145 3311 270 3370 volvitur
283 3309 314 3368 in
327 3321 433 3386 caput;
457 3322 501 3371 ast
516 3312 594 3371 illam
609 3323 653 3372 ter
667 3313 771 3372 fluctus
784 3312 895 3373 ibidem

144 3417 263 3484 torquet
276 3397 367 3483 agens
382 3409 502 3482 circum,
520 3421 550 3470 et
564 3411 683 3486 rapidus
697 3422 780 3470 vorat
792 3429 921 3492 aequore
934 3422 1044 3472 vortex.

143 3503 299 3582 Adparent
312 3507 367 3565 rari
381 3518 484 3568 nantes
499 3509 530 3567 in
544 3509 656 3585 gurgite
669 3521 762 3582 vasto,

144 3621 226 3662 arma
239 3604 344 3676 virum,
360 3605 545 3682 tabulaeque,
561 3616 592 3665 et
604 3607 693 3666 Troia
707 3626 779 3685 gara
790 3625 845 3685 per
858 3607 961 3666 undas.

320 3753 344 3788 Μ
354 3756 481 3805 solvuntur.
497 3757 526 3806 R
814 3759 848 3795 ¹⁰⁰
859 3766 974 3821 conrepta
990 3761 1024 3810 H.

552 3831 586 3866 ror
597 3831 632 3867 ut
642 3835 745 3883 gam,
761 3835 791 3885 R,
