2834 4292
94 293 141 341 VI.
155 292 228 357 564]
361 280 428 345 Tlte
446 278 631 363 Complaint
650 281 692 362 os
707 277 903 361 Deiphobus.

93 466 157 526 Sed
171 476 204 524 te
218 466 270 542 qui
284 466 382 525 vivum
398 484 491 536 casus,
506 483 570 540 age,
587 464 647 523 lare
662 464 800 535 vicissim,

93 564 256 623 attulerint.
301 563 438 639 Pelagine
451 563 533 621 venis
548 561 693 620 erroribus
709 569 802 631 actus,

94 680 135 719 an
151 662 268 720 monitu
283 659 406 720 divom?
445 663 491 718 An
506 678 582 735 quae
597 669 626 718 te
643 659 772 739 Fortuna
787 656 896 732 fatigat,

93 768 127 816 ut
142 756 241 816 tristes
255 758 318 817 sine
335 758 397 816 sole
412 756 526 829 domos,
541 757 608 815 loca
622 754 748 825 turbida,
763 753 897 812 aduesi'

137 856 211 913 Hac
224 856 289 914 vice
304 872 473 915 sermonum
487 857 577 913 roseis
592 856 705 913 Aurora
720 851 869 927 quadrigis

92 954 158 1011 iarn
172 952 306 1011 medium
321 952 451 1011 aethen'o
467 970 553 1011 cursu
569 952 723 1010 traiecerat
736 968 842 1020 axem,

94 1060 126 1107 et
141 1050 202 1107 sors
217 1066 307 1107 omne
322 1049 425 1107 datum
440 1048 588 1107 traherent
601 1066 655 1123 per
668 1048 738 1105 talia
749 1056 888 1121 tempus,

94 1144 152 1203 sed
167 1162 269 1204 comes
284 1145 446 1217 admonuit,
461 1146 644 1220 breviterque
660 1143 759 1202 adfata
773 1143 880 1219 Sibylla
895 1150 958 1201 est:

95 1248 190 1304 ‘Nox
203 1246 270 1317 ruit,
283 1246 404 1317 Aenea;
425 1262 480 1303 nos
494 1242 595 1301 flendo
609 1242 746 1302 ducimus
760 1243 854 1301 horas

96 1345 163 1400 Hic
177 1342 261 1399 locus
276 1350 328 1413 est,
343 1351 441 1417 partes
455 1342 505 1401 ubi
519 1358 551 1399 se
565 1341 613 1399 via
626 1340 713 1398 findit
725 1341 757 1398 in
770 1340 891 1400 ambas:

95 1442 223 1499 dextera
236 1458 311 1515 quae
327 1441 402 1499 Ditis
417 1441 517 1515 magni
530 1440 584 1498 sub
598 1440 718 1499 moenia
730 1438 836 1512 tendit,

96 1539 156 1595 hac
172 1537 228 1594 iter
240 1537 371 1613 Elysium
386 1538 491 1609 nobis3
513 1546 543 1595 at
557 1538 640 1595 laeva
654 1537 796 1595 malorum

96 1645 221 1693 exercet
235 1654 356 1710 poenas
371 1645 401 1693 et
414 1635 454 1693 ad
468 1636 558 1711 impia
570 1637 691 1694 Tartara
704 1635 812 1693 mittit!

96 1732 277 1806 Deiphobus
292 1742 411 1790 contra:
435 1732 501 1790 ‘Ne
515 1732 603 1803 saevi,
619 1750 726 1807 magna
739 1728 898 1801 sacerdos;

97 1826 265 1899 discedam,
281 1828 407 1903 explebo
421 1846 584 1899 numerum,
599 1827 765 1902 reddarque
780 1826 916 1885 tenebris.

97 1927 114 1984 I
130 1924 237 1996 decus,
253 1925 271 1998 i,
288 1935 437 1997 nostrum3
459 1925 627 1983 melioribus
641 1935 722 1981 utere
736 1925 802 1982 satis
815 1926 839 1983 l'

98 2034 232 2089 Tantum
248 2026 358 2097 effatuS,
374 2036 404 2085 et
418 2027 448 2084 in
462 2027 553 2085 verbo
567 2027 688 2101 vestigia
701 2027 792 2084 torsit

141 2125 280 2200 Respicit
293 2126 408 2182 Aeneas
422 2123 528 2195 subito,
544 2133 574 2181 et
588 2124 643 2183 sub
656 2141 728 2198 rupe
743 2123 857 2181 sinistra

99 2224 221 2283 moenia
234 2222 291 2279 lata
304 2219 394 2292 videt,
410 2220 514 2295 triplici
530 2219 713 2279 circumdata
725 2228 819 2292 mur'o,

101 2340 178 2398 quae
193 2320 313 2396 rapidus
327 2320 451 2379 flammis
465 2320 557 2378 ambit
571 2320 747 2379 torrentibus
760 2318 863 2392 amnis,

101 2421 256 2477 Tartareus
272 2417 463 2492 Phlegethon,
479 2426 655 2492 torquetque
670 2417 805 2475 sonantia
817 2434 896 2474 saxa.

103 2517 191 2573 Porta
204 2514 326 2572 adversa
339 2515 451 2589 ingens,
467 2513 621 2589 solidoque
635 2513 791 2572 adamante
805 2514 973 2587 columnae,

103 2612 142 2669 vis
157 2620 191 2667 ut
204 2610 283 2667 nulla
297 2611 399 2682 virum,
414 2628 475 2668 non
490 2610 546 2685 ipsi
560 2609 732 2668 exscindere
746 2610 824 2668 bello

105 2707 262 2766 caelicolae
276 2708 410 2779 valeant;
432 2716 489 2766 stat
503 2707 595 2765 ferrea
608 2708 692 2765 turris
707 2706 747 2764 ad
761 2724 854 2778 auras,

105 2804 324 2879 Tisiphoneque
339 2803 455 2876 sedena,
470 2804 547 2880 palla
560 2805 714 2877 succincta
726 2812 855 2875 cruenta,

106 2900 279 2960 vestibulum
294 2901 441 2959 exsomnis
455 2911 550 2959 servat
563 2910 726 2976 noctesque
740 2899 873 2977 diesque.

110 2999 187 3055 Hinc
203 2996 334 3055 exaudiri
348 2999 483 3073 gemitus,
499 3008 529 3057 et
543 3016 630 3056 saeva
644 3017 748 3057 sonare

109 3096 243 3167 verbera3
265 3104 327 3153 tum
342 3095 448 3155 stridor
462 3096 537 3166 ferri,
553 3097 722 3171 tractaeque
736 3104 868 3154 catenae.

145 3191 284 3251 Constitit
298 3194 422 3263 Aeneas,
439 3193 651 3268 strepitumque
667 3194 818 3251 exterritus
832 3190 935 3251 haus'it.

113 3290 209 3363 ‘Quae
225 3289 366 3347 scelerum
382 3290 480 3361 facies,
496 3291 525 3350 O
540 3291 629 3365 virgo,
645 3290 751 3361 effare,
773 3289 913 3364 quibusve

112 3395 265 3470 urguentur
277 3387 402 3462 poenis?
442 3388 518 3462 Quis
532 3396 628 3447 tantus
642 3388 765 3463 plangor
777 3386 816 3444 ad
829 3386 950 3444 aurasi’

113 3481 184 3541 Tum
198 3493 278 3541 vates
293 3484 335 3541 sic
349 3502 414 3543 orsa
427 3484 526 3559 loqui:
550 3486 639 3542 ‘Dux
653 3484 762 3542 inclute
776 3485 934 3553 Teucrum,

115 3580 179 3639 nulli
191 3580 234 3639 sas
248 3589 330 3639 casto
343 3580 516 3641 sceleratum
530 3581 661 3639 hisistere
674 3581 784 3652 limen3

118 3674 164 3736 sed
176 3696 225 3737 me
238 3696 308 3737 cum
322 3677 394 3737 lucis
409 3678 525 3739 Hecate
539 3677 681 3753 praefecit
694 3676 825 3748 Avernis,

483 3803 517 3841 ⁵⁶²
529 3806 571 3865 qui
581 3838 587 3851 .
598 3838 604 3851 .
615 3805 736 3863 alangor.
751 3805 781 3853 R
