2834 4292
162 329 216 379 111.
229 328 298 395 460.]
448 319 479 382 T
475 320 516 384 lte
537 320 705 405 Prophecy
727 322 770 403 of
783 320 941 386 Helenus.

161 504 244 580 pube
257 514 352 577 tenus,
367 514 516 581 postrema
528 504 650 563 immani
664 524 788 581 corpore
802 506 907 581 pristis,

161 601 336 677 delphinum
352 601 460 661 caudas
475 612 557 659 utero
571 604 730 661 commissa
743 604 888 678 luporum.

161 700 294 757 Praestat
306 700 449 757 Trinacrii
463 710 555 757 metas
569 700 688 757 lustrare
703 700 833 775 Pachyni

160 806 340 867 cessantem,
354 796 460 871 longos
473 806 503 855 et
517 796 745 854 circumflectere
760 815 869 868 cursus,

159 912 253 970 quam
268 893 359 951 semel
373 894 528 951 insonnem
542 904 623 951 vasto
637 892 744 951 vidisse
759 895 815 953 sub
827 904 912 953 antro

159 990 298 1067 Scyllam,
313 999 343 1049 et
357 990 497 1047 caeruleis
512 991 633 1048 canibus
648 992 814 1048 resonantia
824 1010 902 1050 saxa.

203 1090 382 1158 ‘Praeterea
398 1088 421 1145 si
436 1106 495 1161 qua
510 1096 554 1145 est
570 1088 689 1145 Heleno
704 1087 870 1163 prudentia,
884 1088 943 1147 vati

159 1186 185 1243 si
199 1204 261 1260 qua
273 1184 356 1257 fides,
373 1185 502 1241 animum
517 1184 629 1242 siveris
645 1185 747 1261 implet
761 1186 877 1260 Apoll0,

158 1300 255 1339 unum
269 1282 339 1340 illud
354 1282 414 1353 tibi,
429 1292 497 1339 nate
512 1280 577 1354 dea,
594 1300 706 1357 proque
722 1283 859 1341 omnibus
873 1302 965 1341 unum

151 1378 341 1455 praedicam,
357 1390 386 1438 et
399 1390 535 1455 repetens
550 1381 714 1456 iterumque
729 1383 891 1455 iterumque
906 1381 1055 1441 monebo:

159 1477 286 1535 Iunonis
300 1495 423 1553 magnae
438 1478 564 1553 primum
578 1495 667 1553 prece
682 1497 792 1536 numen
806 1479 916 1552 adora3

158 1574 271 1631 Iunoni
284 1592 357 1631 cane
372 1584 440 1633 vota
454 1574 556 1645 libens,
572 1574 782 1651 dominamque
796 1587 950 1651 potentem

158 1671 342 1747 supplicibus
356 1690 462 1746 supera
476 1671 580 1729 donis:
604 1673 645 1730 sic
661 1672 792 1748 denique
806 1674 899 1733 victor

115 1769 312 1861 ffiinacria
324 1769 388 1826 finis
403 1769 492 1827 Italos
507 1770 622 1828 mittere
635 1772 747 1829 relicta.

200 1867 293 1923 ‘Huc
307 1866 358 1924 ubi
372 1865 484 1925 delatus
500 1868 664 1927 Cumaeam
679 1871 837 1928 accesseris
852 1872 963 1945 urbem,

158 1962 335 2038 divinosque
349 1964 438 2035 lacus,
454 1975 484 2022 et
497 1968 613 2023 Averna
627 1968 762 2025 sonantia
776 1968 862 2041 silvis,

69 2092 73 2100 ·
101 2122 105 2130 ,
157 2062 294 2119 insanam
308 2071 403 2120 vatem
418 2063 550 2139 aspicies,
566 2082 642 2138 quae
656 2083 730 2139 rupe
744 2066 799 2124 sub
812 2066 872 2124 ima

156 2158 217 2216 sata
232 2160 319 2231 canit,
335 2159 468 2235 foliisque
483 2170 567 2219 notas
582 2172 612 2220 et
626 2163 748 2221 nomina
761 2164 891 2223 mandat.

158 2257 375 2332 Quaecumque
390 2257 420 2315 in
434 2258 509 2316 foliis
524 2258 677 2335 descripsit
691 2262 821 2319 carmina
834 2264 924 2339 virgo,

157 2354 266 2430 digerit
279 2353 308 2411 iu
322 2372 486 2427 numerum,
501 2366 589 2433 atque
604 2368 687 2417 antro
703 2359 818 2417 seclusa
831 2360 974 2435 relinquit.

157 2452 212 2509 Illa
225 2462 348 2510 manent
361 2453 484 2513 immota
497 2454 578 2527 locis,
595 2474 691 2531 neque
706 2457 745 2514 ab
758 2456 861 2514 ordine
877 2457 1006 2533 cedunt3

156 2568 260 2607 verum
275 2549 389 2623 eadem,
404 2570 487 2610 verso
502 2554 597 2611 tenuis
612 2572 680 2611 cum
696 2554 817 2611 cardine
831 2564 936 2614 ventus

155 2647 273 2723 impulit
288 2657 317 2706 et
330 2658 445 2708 teneras
459 2651 584 2709 turbavit
599 2653 686 2709 ianua
700 2652 830 2724 frondes,

156 2764 320 2820 numquam
335 2746 444 2805 deinde
458 2767 532 2807 cavo
546 2750 697 2808 volitantia
711 2750 855 2825 prendere
870 2770 949 2825 saxo,

140 2862 215 2911 ,nec
230 2862 369 2903 revocare
384 2847 453 2905 situs
468 2858 517 2905 aut
532 2849 652 2923 iungere
667 2850 797 2906 carmina
811 2859 909 2907 curat:

156 2942 315 3000 inconsulti
329 2944 446 3016 abeunt,
462 2946 623 3021 sedemque
639 2946 730 3005 odere
746 2947 878 3021 Sibyllae.

158 3041 221 3097 Hic
235 3041 288 3099 tibi
302 3060 340 3099 ne
354 3061 414 3118 qua
426 3062 526 3101 morae
541 3044 645 3101 fuerint
661 3043 817 3118 dispendia
831 3046 957 3117 tanti,-

156 3138 291 3213 quamvis
306 3138 481 3215 increpitent
495 3142 575 3210 socii,
592 3150 621 3199 et
635 3141 663 3199 vi
679 3160 779 3199 cursus
794 3142 823 3198 in
838 3142 927 3200 altum

155 3237 221 3293 vela
234 3245 330 3309 vocet,
345 3237 497 3312 possisque
513 3238 591 3297 sinus
605 3238 726 3313 implere
740 3230 897 3312 secundos,
906 3272 947 3283 —

156 3334 227 3407 quin
242 3330 332 3391 adeas
346 3343 442 3391 vatem
457 3335 651 3409 precibusque
666 3336 783 3393 oracula
797 3354 902 3411 poscas

156 3429 220 3505 ipsa
234 3438 330 3501 canat,
345 3448 509 3506 vocemque
523 3432 623 3490 volens
637 3444 726 3507 atque
740 3451 792 3491 ora
805 3435 939 3493 resolvat.

158 3525 211 3584 Illa
223 3527 276 3586 tibi
291 3526 392 3585 Italiae
407 3528 532 3603 populos
546 3538 726 3604 venturaque
740 3530 825 3602 bella,

158 3633 186 3680 et
199 3642 260 3699 quo
274 3642 423 3700 quemque
438 3624 530 3683 modo
545 3626 695 3701 fugiasque
710 3628 844 3701 serasque
857 3628 989 3689 laborem

157 3720 305 3797 expediet,
320 3739 478 3798 cursusque
493 3721 574 3783 dabit
587 3734 729 3783 venerata
741 3725 898 3785 secundos.

330 3848 469 3911 caparra.
486 3851 518 3897 u.
529 3850 549 3896 a
560 3852 588 3899 a
818 3854 851 3887 m
866 3856 994 3912 cymam.
1009 3858 1038 3905 rr,
