2834 4292
59 277 65 284 '
138 290 202 338 Ecn.
219 287 264 352 V.]
593 280 756 362 Daphnis.

138 462 194 521 sub
208 462 393 540 pedibusque
407 462 488 522 videt
501 465 594 523 nubes
610 474 640 522 et
653 464 750 523 sidera
763 465 907 541 Daphnis.

139 561 219 634 Ergo
233 560 335 618 alacris
350 562 434 620 silvas
449 570 478 618 et
493 571 592 618 cetera
604 579 670 620 rura
683 563 817 637 voluptas

139 659 278 732 Panaque
293 669 482 734 pastoresque
497 668 586 729 tenet,
603 657 796 734 Dryadasque
810 659 941 734 puellas,

137 772 195 811 nec
209 755 296 829 lupus
310 755 428 813 insidias
442 755 552 831 pecori,
567 773 624 812 nec
638 757 711 813 retia
725 756 817 813 cervis

137 851 197 907 ulla
211 850 313 908 dolum
327 851 522 910 meditantur:
546 862 625 910 amat
638 851 734 910 bonus
748 852 809 910 otia
822 851 966 929 Daphnis.

138 948 201 1022 Ipsi
214 947 324 1006 laetitia
336 967 425 1006 voces
440 947 479 1006 ad
493 947 589 1006 sidera
601 949 711 1006 iactant

137 1045 247 1102 intonsi
262 1055 397 1118 montes3
419 1046 499 1122 ipsae
514 1045 572 1103 iarn
587 1047 718 1104 cannina
730 1064 827 1121 rupes,

136 1142 203 1216 ipsa
216 1151 322 1199 sonant
336 1143 470 1201 arbusta:
493 1143 587 1214 Deus,
603 1144 672 1200 deus
686 1145 742 1214 ille,
756 1143 924 1201 Menalca!

180 1239 224 1297 Sis
237 1239 332 1297 bonus
347 1240 375 1298 Ο
390 1240 517 1314 felixque
530 1239 587 1297 tuis
600 1242 607 1297 l
642 1240 690 1297 En
704 1249 842 1315 quattuor
855 1258 937 1299 aras:

138 1353 212 1392 ecce
227 1335 301 1393 duas
315 1336 377 1408 tibi,
393 1336 522 1412 Daphni,
538 1335 611 1394 duas
625 1336 725 1394 altaria
740 1335 871 1395 Phoebo.

138 1433 252 1490 Pocula
264 1434 335 1492 bina
348 1452 426 1492 novo
441 1433 607 1509 spumantia
620 1433 695 1491 lacte
711 1435 877 1508 quotannis,

136 1540 324 1604 craterasque
340 1529 400 1589 duo
415 1540 540 1589 statuam
554 1531 607 1590 tibi
620 1531 737 1606 pinguis
751 1530 828 1603 olivi,

136 1637 169 1686 et
182 1629 276 1686 multo
290 1628 434 1704 inprimis
448 1628 573 1685 hilarans
588 1628 722 1686 convivia
736 1627 864 1699 Baccho,
874 1659 916 1671 -

135 1736 207 1783 ante
222 1726 330 1797 iocum,
345 1726 370 1783 si
384 1726 472 1801 frigus
486 1726 548 1796 erit,
563 1726 588 1783 si
602 1725 713 1795 messis,
729 1725 759 1782 in
773 1725 937 1796 umbra,-
1005 1751 1010 1756 -

134 1823 206 1880 vina
219 1841 329 1880 novum
344 1821 467 1880 lundam
482 1822 601 1880 calathis
616 1822 730 1880 Ariusia
743 1831 853 1881 nectar.

136 1919 309 1978 Cantabunt
321 1919 394 1977 mihi
408 1920 570 1977 Damoetas
585 1929 615 1977 et
630 1919 748 1995 Lyctius
762 1921 887 1994 Aegon,

135 2015 267 2075 saltantis
281 2025 391 2092 satyros
406 2017 564 2074 imitabitur
577 2015 800 2092 Alphesiboeus,

180 2100 268 2171 Haec
282 2113 334 2171 tibi
348 2132 465 2189 semper
479 2123 572 2185 erunt,
588 2122 618 2170 et
632 2132 701 2170 curn
716 2112 858 2171 solemnia
870 2122 940 2171 vota

136 2210 299 2268 reddemus
313 2210 468 2287 Nymphis,
483 2220 513 2268 et
527 2229 597 2268 cum
610 2209 795 2268 lustrabimus
809 2229 903 2286 agros.

137 2310 220 2365 Dum
234 2307 301 2382 iuga
314 2308 422 2366 montis
436 2326 515 2384 aper,
531 2307 632 2365 fluvios
647 2305 720 2365 dum
734 2307 823 2382 piscis
837 2307 955 2379 amabit,

137 2405 269 2479 dumque
283 2403 386 2480 thymo
400 2414 557 2480 pascentur
570 2422 651 2479 apes,
667 2403 740 2461 dum
754 2422 818 2462 rore
833 2404 964 2477 cicadae,

137 2520 256 2578 semper
269 2501 365 2560 honos
378 2519 548 2577 nomenque
562 2511 647 2559 tuum
661 2500 822 2576 laudesque
837 2503 1017 2575 manebunt3

137 2609 170 2657 ut
184 2597 305 2656 Baccho
320 2598 488 2674 Cererique,
502 2597 555 2655 tibi
569 2597 611 2656 sic
625 2607 694 2656 vota
708 2598 865 2672 quotannis

136 2695 282 2771 agricolae
297 2695 423 2754 sacient:
446 2694 600 2753 damnabis
613 2704 645 2752 tu
660 2712 778 2770 quoque
792 2696 877 2754 votis.

135 2794 203 2851 Mo.
233 2793 318 2867 Quae
332 2792 393 2864 tibi,
409 2810 485 2867 quae
499 2791 549 2850 tali
563 2790 686 2849 reddam
701 2809 756 2866 pro
771 2793 900 2850 carmine
915 2792 1015 2852 dona?

137 2891 218 2948 Nam
231 2907 330 2965 neque
345 2907 393 2946 me
407 2898 520 2947 tantum
534 2907 592 2946 ven
605 2889 679 2946 entis
694 2888 793 2946 sibilus
807 2889 904 2962 austri,

136 3006 195 3046 nec
208 3005 348 3063 percussa
360 2987 460 3046 iuvant
473 2987 563 3044 fluctu
578 2997 638 3044 tam
653 2987 745 3058 litora,
761 3004 818 3044 nec
834 3004 911 3062 quae

136 3103 257 3143 saxosas
271 3083 518 3142 interdecurrunt
532 3084 654 3142 flumina
667 3083 768 3143 valles.

134 3183 199 3239 Me.
229 3183 298 3239 Hac
311 3191 342 3239 te
355 3200 411 3239 nos
425 3181 516 3256 fragili
531 3181 706 3240 donabimus
722 3189 790 3238 ante
805 3181 919 3241 cicuta:

135 3279 212 3336 haec
226 3297 290 3349 nos,
305 3280 480 3336 Formosum
501 3279 635 3354 Corydon
650 3279 779 3336 ardebat
787 3280 915 3350 Alexim,

135 3377 211 3433 haec
226 3374 334 3433 eadem
348 3375 458 3448 docuit,
479 3375 587 3433 Guium
598 3385 696 3452 pecus,
712 3394 754 3432 an
768 3375 932 3433 Meliboei?

135 3475 201 3532 Mo.
229 3475 268 3530 At
282 3482 314 3531 tu
328 3491 410 3530 sume
424 3472 545 3548 pedum,
560 3472 651 3548 quod,
667 3491 715 3530 me
731 3491 801 3531 cum
815 3491 904 3548 saepe
919 3483 1043 3549 rogaret,

135 3591 198 3630 non
211 3570 276 3628 tulit
290 3571 535 3645 Antigenes-et
550 3581 609 3628 erat
624 3581 685 3628 tum
701 3570 807 3645 dignus
822 3570 912 3629 amari
922 3603 963 3616 —

135 3669 298 3727 formosum
312 3665 429 3743 paribus
442 3665 529 3726 nodis
543 3676 630 3743 atque
646 3685 722 3740 aere,
737 3667 885 3725 Menalca

195 3796 444 3856 rrnwmss‚k
511 3797 678 3846 ammte,
747 3797 926 3845 inarmonia
995 3797 1135 3846 ”innah
