2834 4292
153 291 202 341 vt.
215 292 287 357 289.]
380 282 548 347 Entrance
571 294 602 347 to
624 284 679 349 tlte
701 285 840 349 Realms
862 287 984 351 Below.
1151 290 1210 367 163

155 467 239 524 Ecce
256 477 365 538 autem,
379 468 465 544 primi
480 470 534 525 sub
548 470 659 527 lumina
673 471 741 528 solis
756 480 787 529 et
801 481 890 543 ortus,

155 564 211 621 sub
226 564 353 638 pedibus
369 566 479 639 mugire
494 566 598 637 solum,
613 577 644 624 et
658 568 725 642 iuga
738 578 846 642 coepta
859 569 969 626 moveri

155 660 302 732 silvarum,
318 662 454 736 visaeque
469 681 557 721 canes
572 664 680 721 ululare
694 682 748 740 per
761 665 903 736 umbram,

156 756 335 815 adventante
351 757 417 816 dea.
461 761 584 817 ‘Procul
598 760 626 819 Ο
641 762 744 836 procul
758 772 829 833 este,
844 762 977 835 profani,’

155 854 324 912 conclamat
337 864 426 927 vates,
442 859 581 932 ‘totoque
596 857 724 915 absistite
739 858 826 931 luco;

154 960 246 1026 tuque
262 950 367 1008 invade
381 952 467 1024 viam,
482 954 644 1027 vaginaque
659 954 739 1029 eripe
754 955 879 1013 serrum:

154 1066 235 1105 nunc
250 1048 355 1104 animis
369 1066 452 1123 opus,
467 1051 577 1121 Aenea,
592 1068 671 1107 nunc
686 1062 807 1124 pectore
821 1052 926 1110 firmo.'

97 1140 104 1152 '
153 1147 287 1202 Tantum
301 1144 394 1215 effata,
409 1145 506 1203 furens
521 1156 604 1204 antro
620 1166 651 1205 se
665 1148 785 1206 immisit
797 1159 918 1223 aperto;
965 1195 971 1208 .

153 1242 202 1299 ille
215 1239 327 1329 'ducem
343 1240 421 1300 haud
435 1242 544 1299 timidis
559 1242 716 1301 vadentem
729 1246 863 1320 passibus
877 1255 992 1321 aequat.

196 1339 246 1409 Di,
262 1338 366 1412 quibus
381 1338 535 1413 imperium
550 1350 594 1397 est
608 1341 778 1412 animarum,
793 1343 973 1418 umbraeque
987 1344 1113 1415 silentes,

153 1440 184 1487 et
199 1429 308 1499 Chaos,
324 1438 353 1486 et
369 1429 559 1503 Phlegethon,
574 1432 640 1488 loca
653 1443 742 1489 nocte
756 1434 885 1490 tacentia
898 1433 965 1506 late,

152 1528 190 1584 sit
204 1527 277 1583 mihi
291 1527 332 1583 sas
348 1526 447 1584 audita
460 1527 560 1601 loqui;
582 1529 618 1585 sit
632 1530 752 1587 numine
767 1538 863 1587 vestro

152 1624 285 1700 pandere
300 1643 345 1682 res
360 1624 417 1681 alta
431 1635 507 1682 terra
520 1635 550 1682 et
564 1626 686 1700 calgine
700 1645 809 1683 mersas
823 1630 829 1684 l

195 1722 284 1779 Ibant
297 1722 413 1779 obscuri
427 1722 489 1779 sola
502 1716 557 1781 suh
570 1733 657 1781 nocte
672 1742 726 1798 per
739 1724 881 1795 umbram,

151 1836 265 1895 perque
281 1819 386 1877 domos
402 1820 477 1877 Ditis
491 1838 597 1877 vacuas
612 1830 641 1877 et
655 1820 753 1877 inania
765 1839 874 1896 regua:

152 1916 240 1990 quale
254 1934 307 1991 per
320 1916 460 1973 incertam
474 1916 572 1974 lunam
587 1918 641 1975 sub
655 1918 720 1975 luce
736 1918 861 1993 maligna

153 2022 198 2071 est
209 2014 264 2070 iter
276 2014 306 2070 in
321 2013 407 2083 silvis,
422 2014 472 2071 ubi
487 2014 601 2071 caelum
617 2014 750 2072 condidit
763 2016 867 2073 umbra

117 2110 295 2194 AErppiter,
311 2119 340 2168 et
353 2109 440 2167 rebus
454 2128 515 2167 nox
528 2111 645 2169 abstulit
659 2121 721 2168 atra
734 2112 874 2170 colorem.

152 2206 337 2264 Vestibulum
351 2215 418 2263 ante
433 2205 538 2281 ipsum,
552 2208 711 2283 primisque
726 2210 756 2265 in
770 2210 900 2268 saucibus
915 2209 996 2282 Orci,

154 2304 265 2362 Luctus
281 2310 309 2359 et
323 2302 439 2360 ultrices
453 2285 577 2379 posuere
592 2305 699 2363 cubilia
714 2307 829 2378 Curae3

152 2400 354 2476 pallentesque
368 2400 500 2458 habitant
513 2402 621 2473 Morbi,
636 2403 781 2477 tristisque
795 2405 945 2474 Senectus,

153 2508 183 2555 et
198 2499 307 2570 Metus,
323 2506 352 2555 et
366 2498 535 2555 malesuada
549 2500 664 2571 Fames,
680 2518 715 2556 ac
729 2501 819 2574 turpis
835 2501 966 2575 Egestas,

152 2594 296 2653 terribiles
309 2594 370 2651 visu
385 2594 513 2653 formae:
537 2597 712 2670 Letumque,
728 2598 902 2671 Labosque,

151 2702 215 2751 tum
231 2692 466 2765 consanguineus
481 2692 545 2750 Leti
560 2694 662 2767 Sopor,
678 2704 707 2750 et
721 2694 798 2750 mala
810 2695 916 2751 mentis

152 2786 279 2860 Gaudia,
294 2789 531 2863 mortiferumque
546 2790 668 2847 adverso
683 2791 713 2847 in
727 2791 826 2848 limine
841 2791 963 2862 Bellum,

152 2886 296 2960 ferreique
311 2884 510 2945 Eumenidum
524 2886 650 2959 thalami,
665 2897 696 2945 et
711 2887 868 2945 Discordia
881 2887 1013 2959 demens,

151 2984 303 3059 vipereum
317 2983 428 3040 crinem
443 2984 519 3041 vittis
533 2984 640 3041 innexa
653 2986 789 3043 cruentis.

193 3083 231 3138 In
245 3080 345 3139 medio
359 3100 456 3141 ramos
470 3100 639 3157 annosaque
654 3083 773 3140 brachia
785 3083 890 3158 pandit

152 3178 248 3237 ulmus
262 3196 365 3254 opaca,
380 3180 493 3255 ingens,
508 3175 596 3255 quam
611 3179 714 3237 sedem
728 3180 847 3239 Somnia
858 3181 947 3255 volgo

152 3294 226 3335 vana
240 3286 341 3334 tenere
356 3276 460 3348 ferunt,
475 3277 608 3351 foliisque
623 3277 676 3334 sub
691 3276 826 3335 omnibus
840 3278 969 3336 haerent.

153 3374 307 3449 Multaque
322 3384 472 3448 praeterea
484 3375 625 3432 variarum
640 3383 770 3431 monstra
782 3374 906 3431 serarum
919 3397 925 3432 :

153 3472 291 3531 Centauri
306 3471 458 3529 inferibus
474 3472 627 3542 stabulant,
643 3472 814 3546 Scyllaeque
828 3472 976 3544 biformes,

153 3578 181 3625 et
195 3569 450 3643 centumgeminus
465 3569 605 3639 Briareus
620 3587 656 3627 ac
669 3568 758 3627 belua
772 3568 883 3626 Lernae

153 3663 331 3723 horrendum
346 3662 480 3736 stridens,
494 3663 677 3738 flammisque
692 3672 803 3721 armata
815 3663 978 3737 Chimaera,

153 3760 307 3839 Gorgones
323 3760 531 3835 Harpyiaeque
547 3770 576 3818 et
590 3760 683 3819 forma
696 3760 862 3835 tricorporis
876 3762 1005 3819 umbrae.
