2834 4292
186 274 228 357 76
511 287 546 339 11.
573 269 638 337 The
659 270 740 336 Fall
758 272 800 355 os
819 270 852 335 T
846 292 909 355 m.
1112 283 1240 349 [AEssm.

186 469 218 519 ut
231 476 331 535 regem
345 476 526 535 aequaevum
539 455 651 517 crudeli
667 456 787 515 volnere
801 456 861 515 vidi

185 558 275 617 vitam
289 558 493 629 exhalantem3
514 556 608 643 subiit¹
615 554 731 613 deserta
745 556 864 626 Cretisa,

185 664 215 714 et
229 654 343 731 direpta
356 653 472 726 domus,
487 664 517 712 et
531 652 611 728 parvi
624 670 708 711 casus
723 651 789 710 Iuli

184 752 336 827 Respicio,
351 761 381 809 et
394 768 469 827 quae
484 750 521 808 sit
535 767 583 807 me
597 749 706 807 circum
720 749 808 825 copia
821 749 920 809 lustro.

185 850 348 907 Deseruere
362 866 464 907 omnes
479 846 595 918 defessi,
611 854 641 903 et
653 863 778 921 corpora
791 847 864 905 saltu

185 944 223 1003 ad
239 955 344 1004 terram
359 945 462 1003 misere
476 953 525 1001 aut
540 943 654 1018 ignibus
668 960 755 1019 aegra
768 942 888 1001 dedere.

229 1040 367 1120 [lamque
381 1041 458 1100 adeo
473 1058 560 1116 super
574 1058 647 1098 unus
663 1058 753 1111 eram,
768 1058 836 1098 cum
849 1041 951 1099 limina
962 1042 1070 1101 Vestae

184 1149 347 1199 servantem
362 1144 393 1197 et
407 1139 523 1196 tacitam
539 1146 652 1195 secreta
666 1136 696 1195 in
710 1136 782 1195 sede
796 1138 934 1197 latentem

183 1236 352 1313 Tyndarida
367 1235 496 1311 aspicio:
519 1232 591 1293 dant
605 1234 682 1293 clara
696 1234 835 1293 incendia
848 1236 944 1293 lucem

184 1335 289 1393 erranti
302 1333 469 1410 passimque
484 1330 586 1390 oculos
601 1348 654 1406 per
668 1341 775 1389 cuncta
788 1333 900 1392 serenti.

185 1432 238 1491 llla
252 1431 307 1490 sibi
322 1430 439 1489 infestos
454 1446 554 1487 eversa
568 1429 607 1487 ob
623 1430 764 1505 Pergama
776 1431 907 1489 Teucros

184 1538 213 1587 et
228 1547 339 1604 poenas
356 1528 492 1586 Danaum
507 1536 537 1584 et
551 1525 658 1585 deserti
672 1528 804 1603 coniugis
818 1528 873 1586 iras

183 1636 396 1703 praemetuens,
411 1624 516 1683 Troiae
531 1634 561 1684 et
575 1625 684 1703 patriae
699 1627 864 1685 communis
879 1627 991 1703 Erinys,

184 1726 336 1785 abdiderat
350 1744 414 1785 sese
429 1736 517 1801 atque
533 1726 588 1783 aris
603 1724 694 1783 invisa
707 1724 839 1782 sedebat.

184 1826 325 1883 Exarsere
340 1824 421 1899 ignes
435 1824 554 1895 animo;
577 1822 654 1882 subit
667 1822 708 1880 ira
722 1822 878 1881 cadentem

183 1922 284 1980 ulcisci
297 1924 420 1999 patriam
436 1932 465 1980 et
479 1922 633 1981 sceleratas
648 1939 762 1980 sumere
776 1940 897 1997 poenas.

184 2020 318 2079 ‘Scilicet
332 2020 407 2077 haec
422 2020 552 2095 Spartam
569 2018 722 2077 incolumis
736 2019 901 2095 patriasque
916 2020 1058 2095 Mycenas

183 2120 315 2194 aspiciet,
330 2128 472 2195 partoque
488 2118 539 2177 ibit
553 2118 652 2193 regina
665 2117 823 2194 triumpho,

183 2217 419 2293 coniugiumque,
436 2216 627 2290 domumque,
643 2224 747 2291 patres,
762 2225 905 2290 natosque
919 2214 1038 2286 videbit,

184 2316 309 2373 Iliadum
325 2315 409 2373 turba
422 2326 452 2372 et
467 2314 595 2390 Phrygiis
613 2314 752 2371 comitata
764 2314 922 2371 ministris?

183 2413 335 2473 Occiderit
349 2415 423 2471 serro
439 2413 590 2471 Priamus?
630 2412 719 2469 Troia
731 2412 830 2469 arserit
844 2412 924 2487 igni?

183 2511 366 2570 Dardanium
380 2512 488 2570 totiens
502 2510 612 2569 sudarit
626 2510 767 2586 sanguine
782 2511 869 2569 litus?

184 2610 254 2667 Non
269 2610 325 2668 ita:
348 2628 476 2685 namque
491 2610 545 2667 etsi
559 2609 670 2667 nullum
684 2609 873 2666 memorabile
887 2627 997 2667 nomen

183 2708 309 2765 leminea
322 2708 352 2766 in
367 2726 464 2783 poena
478 2718 530 2779 est,
545 2726 601 2765 nec
616 2707 704 2766 habet
717 2707 838 2764 victoria
851 2706 978 2779 laudem,

183 2806 338 2863 extinxisse
352 2806 433 2864 nefas
447 2816 546 2864 tamen
561 2816 591 2864 et
605 2806 762 2881 sumpsisse
777 2806 914 2864 merentis

182 2902 323 2961 laudabor
337 2922 456 2979 poenas,
472 2904 660 2979 animumque
678 2905 810 2980 explesse
825 2904 933 2962 iuvabit

183 3002 290 3061 ultricis
304 3003 448 3075 flammae,
464 3012 493 3059 et
509 3002 622 3059 cineres
637 3002 755 3060 satiasse
770 3003 922 3059 meorum?

223 3100 306 3158 Talia
320 3100 472 3171 lactabam,
488 3107 518 3156 et
532 3098 635 3156 furiata
648 3108 747 3156 mente
763 3099 876 3156 ferebar
887 3096 910 3175 z]

183 3215 251 3255 cum
265 3197 336 3255 mihi
351 3216 391 3269 se,
407 3215 467 3255 non
481 3206 549 3255 ante
564 3195 657 3254 oculis
671 3206 732 3255 tam
746 3197 831 3266 clara,
846 3194 1004 3254 videndam

183 3293 287 3352 obtulit
302 3302 332 3351 et
345 3311 418 3368 pura
431 3311 485 3368 per
498 3303 618 3351 noctem
633 3293 663 3350 in
677 3293 744 3351 luce
757 3292 866 3350 refulsit

182 3390 259 3449 alma
272 3407 386 3465 parens,
401 3389 535 3448 consessa
549 3388 647 3460 deam,
662 3390 813 3465 qualisque
827 3388 920 3447 videri

183 3486 328 3544 caelicolis
343 3494 372 3543 et
386 3496 495 3560 quanta
509 3487 592 3558 solet,
608 3486 767 3561 dextraque
783 3485 960 3560 prehensum

183 3582 334 3651 continuit,
350 3600 494 3655 roseoque
508 3582 582 3640 haec
596 3584 715 3658 insuper
728 3581 842 3640 addidit
856 3601 925 3641 ore:

183 3682 191 3709 ‘
203 3678 289 3751 Nate,
304 3679 368 3754 quis
382 3677 540 3738 indomitas
555 3688 652 3739 tantus
666 3678 752 3738 dolor
765 3681 874 3738 excitat
888 3680 965 3739 iras?

619 3806 653 3842 ⁶⁹⁰
664 3810 749 3865 optadi!
771 3810 797 3852 R.
