2834 4292
215 296 274 357 118
458 310 502 357 ιν.
527 294 714 376 Departure
725 293 822 375 from
842 289 1013 374 Carthage.

209 478 287 537 iussa
300 486 400 536 tamen
414 473 514 536 divom
529 478 704 553 exsequitur,
719 476 902 551 classemque
916 476 1022 535 revisit

209 577 288 633 Turn
302 594 373 635 vero
387 576 493 633 Teucri
508 576 690 645 incumbunt,
705 585 736 631 et
749 574 832 631 litore
847 574 940 631 celsas

210 671 363 731 deducunt
377 682 440 731 toto
454 690 561 731 naves:
584 682 664 729 natat
678 681 768 729 uncta
780 671 898 742 carina;

209 770 430 843 frondentisque
445 769 540 827 semnt
553 786 649 827 remos
664 778 693 826 et
706 769 813 826 robora
825 767 903 825 silvis

209 867 386 937 infabricata,
402 867 486 941 fugae
502 864 608 935 studio.

211 964 363 1037 Migrantis
378 980 489 1034 cernas,
504 972 624 1037 totaque
640 981 675 1020 ex
689 962 761 1021 urbe
774 962 893 1021 ruentis.

209 1061 254 1117 Ac
269 1060 346 1118 velut
360 1060 509 1135 ingentem
524 1061 663 1118 formicae
678 1060 757 1142 [agris
771 1078 910 1117 acervum

210 1175 279 1214 cum
293 1157 444 1232 populant,
460 1158 564 1215 hiemis
580 1176 736 1228 memores,
750 1168 890 1231 tectoque
903 1167 1070 1232 reponunt3

209 1253 231 1311 it
245 1254 359 1329 nigrum
374 1255 485 1329 campis
500 1272 615 1329 agmen,
630 1254 829 1329 praedamque
844 1272 897 1329 per
910 1255 1014 1313 herbas

211 1360 386 1409 convectant
400 1352 472 1409 calle
486 1362 629 1427 angusto,
651 1369 717 1427 pars
731 1351 852 1427 grandia
865 1352 985 1410 trudu'nt

211 1448 338 1507 obnixae
365 1448 509 1507 frumenta
533 1452 657 1524 umeris;
677 1467 743 1524 pars
758 1449 874 1524 agmina
889 1459 997 1523 cogunt

210 1545 410 1620 castigantque
425 1564 540 1618 moras;
562 1563 651 1620 opere
666 1548 762 1605 omnis
777 1547 880 1604 semita
894 1547 993 1605 servet.

252 1643 325 1716 Quis
339 1644 391 1701 tibi
406 1651 477 1714 tum,
493 1643 583 1714 Dido,
600 1644 732 1701 cernenti
745 1644 814 1701 talia
828 1646 951 1702 sensus?

210 1757 320 1814 quosve
336 1739 427 1798 dabas
441 1742 576 1816 gemitus,
592 1760 660 1799 cum
675 1742 759 1798 litora
771 1742 882 1798 fervere
896 1742 953 1799 late

210 1838 392 1911 prospiceres
406 1857 473 1896 arce
488 1856 525 1896 ex
539 1856 661 1909 summa,
675 1848 830 1913 totumque
844 1838 958 1896 videres

210 1935 325 1991 misceri
340 1945 407 1993 ante
422 1936 524 1994 oculos
539 1937 627 1993 tantis
642 1936 819 1995 clamoribus
833 1938 965 2011 aequor?

211 2031 348 2106 Improbe
364 2034 463 2103 Amor,
479 2031 550 2107 quid
566 2050 625 2091 non
641 2034 774 2091 mortalia
788 2043 909 2107 pectora
921 2034 1025 2108 cogis?

210 2128 257 2185 Ire
272 2129 376 2185 iterum
390 2128 420 2185 in
435 2128 576 2201 lacrimas,
592 2130 697 2187 iterum
712 2138 856 2205 temptare
869 2129 1021 2205 precando

210 2225 331 2299 cogitur,
347 2235 376 2283 et
391 2226 515 2300 supplex
529 2227 642 2285 animos
657 2227 827 2285 submittere
841 2228 942 2298 amori,

208 2340 247 2381 ne
262 2322 334 2397 quid
348 2323 532 2397 inexpertum
540 2325 650 2407 ,frustra
663 2325 803 2382 moritura
815 2324 968 2400 relinquat.

250 2422 363 2493 ‘Anna
378 2420 460 2479 vides
474 2431 538 2481 toto
552 2424 700 2498 properari
714 2423 817 2496 litore;
840 2424 952 2481 circum

208 2518 339 2593 undique
354 2538 539 2593 convenere3
560 2531 646 2579 vocat
661 2522 720 2578 iarn
735 2523 871 2580 carbasus
885 2540 979 2594 auras,

209 2618 356 2692 puppibus
371 2628 401 2677 et
414 2618 482 2679 laeti
495 2629 601 2677 nautae
617 2620 783 2694 imposuere
799 2640 932 2680 coronas.

210 2717 302 2773 Hunc
316 2734 373 2791 ego
388 2716 412 2774 si
426 2717 509 2791 potui
523 2726 636 2775 tantum
651 2736 767 2793 sperare
781 2720 924 2794 dolorem,

209 2822 238 2871 et
253 2813 388 2888 perferre,
403 2831 492 2885 soror,
508 2825 620 2889 potero.
664 2818 791 2875 Miserae
807 2818 865 2876 hoc
880 2830 979 2879 tamen
994 2840 1085 2881 unum

208 2929 376 2985 exsequere,
392 2913 486 2981 Anna,
502 2912 581 2969 mihi.
624 2913 722 2971 Solam
735 2933 805 2973 nam
818 2916 948 2991 perfidus
963 2919 1011 2977 ille

208 3018 237 3066 te
253 3008 359 3079 colere,
375 3026 496 3066 arcanos
511 3009 599 3066 etiam
614 3011 666 3068 tibi
681 3010 802 3071 credere
817 3033 938 3088 sensus3

208 3106 270 3163 sola
283 3105 335 3163 viri
351 3105 444 3163 mollis
459 3105 554 3164 aditus
569 3117 598 3165 et
612 3118 747 3189 tempora
759 3128 855 3172 noras.

209 3204 233 3273 Ι,
249 3221 339 3275 soror,
354 3212 441 3277 atque
457 3202 571 3261 hostem
586 3206 710 3280 supplex
723 3205 822 3265 adfare
836 3210 1012 3285 superbum:

207 3319 269 3359 non
283 3318 339 3375 ego
354 3318 421 3358 cum
437 3301 547 3359 Danais
561 3303 718 3360 Troianam
733 3304 904 3365 exscindere
918 3317 1038 3383 gentem

208 3396 313 3457 Aulide
327 3398 425 3468 iuravi,
441 3400 603 3457 classemve
618 3399 657 3457 ad
672 3402 814 3475 Pergama
827 3405 901 3475 misi,

208 3514 265 3555 nec
279 3496 367 3570 patris
382 3496 527 3553 Anchisae
543 3497 655 3554 cineres
671 3498 805 3557 Manisve
820 3504 926 3575 revelli,

208 3611 261 3649 cur
273 3610 341 3650 mea
354 3591 435 3649 dicta
448 3602 536 3667 neget
551 3593 637 3650 duras
652 3592 806 3654 demittere
820 3598 851 3655 in
866 3601 950 3659 auris.

209 3689 278 3765 Quo
292 3689 368 3746 ruit?
410 3691 582 3748 Extremum
596 3690 655 3748 hoc
670 3692 793 3751 miserae
808 3694 859 3753 det
874 3716 979 3755 munus
992 3698 1121 3756 amantis

467 3815 542 3863 naec.
767 3819 1019 3869 mariamnam.

1142 300 1270 365 [mum.
