2834 4292
179 370 183 388 ¹
235 310 297 377 150
671 314 701 363 v.
728 296 842 379 Sicily.

230 479 311 539 deser
324 480 354 538 in
371 480 505 553 Italiam3
526 499 597 557 gens
612 479 685 541 dura
697 491 786 557 atque
800 498 903 559 aspera
915 480 995 541 cultu

229 576 406 636 debellanda
420 578 472 636 tibi
488 578 572 637 Latio
586 587 639 637 est.
682 579 759 637 Ditis
771 588 872 637 tamen
881 590 950 638 aute

228 674 353 733 infernas
369 674 479 733 accede
495 674 611 747 domos,
626 684 656 733 et
668 678 786 767 Avgrna
797 676 922 752 peralta

229 790 401 848 congressus
414 782 492 847 pete,
509 781 587 843 nate,
603 790 695 831 meos.
738 772 809 831 Non
822 791 870 831 me
884 773 974 848 impia
986 790 1117 849 nanque

226 870 346 928 Tartara
360 871 477 941 habent,
495 870 588 927 tristes
602 869 734 940 umbrae,
748 868 803 928 sed
816 887 942 929 amoena
954 870 1071 945 piorum

226 968 352 1024 concilia
367 967 556 1042 Elysiumque
573 966 650 1025 colo.
692 966 764 1025 Huc
778 976 860 1025 casta
872 966 979 1041 Sibylla

225 1062 371 1137 nigrarum
385 1064 477 1122 multo
492 1062 642 1139 pecudum
657 1072 688 1121 te
702 1063 842 1138 sangiune
856 1062 964 1123 ducet:

224 1168 288 1217 tum
301 1178 393 1234 genus
408 1178 496 1219 omne
510 1169 603 1231 tuum,
615 1170 646 1221 et
659 1177 735 1234 quae
750 1159 856 1219 dentur
869 1160 995 1232 moenia,
1009 1159 1116 1224 disces

225 1256 348 1331 Iamque
362 1258 444 1315 vale:
467 1267 584 1333 torquet
601 1256 718 1317 medios
732 1257 802 1316 Nox
816 1256 937 1317 humida
950 1275 1060 1329 cursus,

224 1363 254 1410 et
268 1371 315 1411 me
329 1372 433 1413 saevus
447 1355 530 1430 equis
545 1355 650 1415 Oriens
666 1353 782 1413 adflavit
796 1355 927 1413 anhelis!

223 1451 353 1523 Dixerat,
369 1461 398 1510 et
412 1452 506 1509 tenuis
521 1452 602 1527 sugit,
620 1470 675 1511 ceu
691 1452 797 1522 sumus,
811 1452 842 1511 iu
855 1470 947 1511 auras.

222 1548 347 1618 Aeneas,
363 1549 450 1623 ‘Quo
465 1548 574 1610 deinde
589 1550 656 1618 ruis,
671 1566 732 1624 quo
746 1549 906 1625 proripisl'
921 1550 1023 1625 inquit,

223 1645 338 1719 ‘Quem
352 1645 435 1721 fugis,
451 1654 501 1703 aut
515 1646 579 1721 quis
594 1655 623 1703 te
639 1646 746 1705 nostris
761 1647 963 1721 complexibus
975 1648 1094 1707 arcet?’

221 1742 310 1800 Haec
326 1759 490 1801 memorans
506 1744 634 1803 cinerem
652 1753 682 1801 et
696 1744 808 1818 sopitos
822 1745 941 1811 suscitat
955 1745 1047 1820 ignes,

221 1840 471 1914 Pergameumque
488 1841 592 1899 Larem
607 1850 636 1899 et
652 1860 745 1899 canae
759 1843 919 1916 personalia
931 1843 1039 1901 Vestae

219 1936 292 1994 farre
307 1935 357 2011 pio
372 1946 401 1995 et
414 1936 502 2012 plena
515 1938 639 2013 supplex
654 1948 808 1997 veneratur
822 1957 930 1999 acerra

259 2034 416 2109 Extemplo
431 2035 528 2095 socios
545 2036 731 2111 primumque
747 2036 867 2099 arcessit
879 2039 1016 2108 Acesten,

218 2140 248 2187 et
262 2131 340 2189 Iovis
355 2131 508 2207 imperium
523 2142 553 2191 et
567 2134 625 2191 cari
641 2143 799 2207 praecepta
813 2135 941 2209 parentis

218 2226 335 2299 edocet,
350 2238 379 2286 et
394 2246 469 2304 quae
484 2248 563 2288 nunc
577 2230 677 2288 animo
694 2231 839 2289 sententia
852 2241 975 2291 constet

217 2324 310 2383 Haud
325 2344 407 2383 mora
420 2327 558 2399 consiliis,
572 2345 629 2385 nec
647 2328 724 2385 iussa
736 2338 852 2386 recusat
864 2331 996 2388 Acestes.

215 2422 424 2483 Transcribunt
438 2424 502 2483 urbi
515 2434 631 2495 matres,
648 2425 849 2500 populumque
862 2426 1010 2485 volentem

216 2518 379 2595 deponunt,
394 2521 508 2580 animos
521 2522 561 2580 nil
576 2540 700 2596 magnae
716 2522 808 2581 laudis
822 2534 951 2598 egentes.

215 2618 277 2691 Ipsi
291 2628 413 2676 transtra
425 2628 544 2691 novant,
560 2619 741 2694 flammisque
756 2621 876 2679 ambesa
888 2630 1034 2697 reponunt

212 2715 320 2773 robora
333 2715 462 2790 navigiis,
478 2726 578 2791 aptant
597 2736 753 2794 remosque
766 2719 976 2795 rudentesque,

213 2812 310 2887 exigui
325 2830 457 2885 numeru,
472 2814 526 2871 sed
540 2814 618 2872 bello
634 2816 731 2874 vivida
744 2817 841 2875 virtus.

213 2910 330 2968 Interea
343 2913 458 2968 Aeneas
473 2911 574 2969 urbem
592 2912 725 2989 designat
738 2924 834 2973 aratro

213 3008 385 3083 sortiturque
401 3006 506 3066 domos
519 3029 528 3081 ς
549 3009 607 3068 hoc
626 3013 712 3071 Ilium
727 3024 756 3072 et
770 3014 844 3073 haec
857 3014 924 3073 loca
936 3015 1056 3074 Troiam

211 3122 276 3163 esse
291 3105 380 3163 iubet.
423 3104 541 3165 Gaudet
556 3126 647 3184 regno
661 3112 804 3171 Troianus
819 3115 950 3186 Acestes,

210 3200 373 3276 indicitque
387 3202 482 3260 forum
498 3215 528 3262 et
544 3207 673 3280 patribus
690 3208 742 3266 dat
755 3210 817 3267 iura
829 3211 949 3270 vocatis.

209 3298 286 3355 Turn
301 3299 396 3359 vicina
409 3304 500 3377 astris,
520 3307 648 3381 Erycino
662 3307 692 3365 in
706 3308 814 3366 vertice
829 3306 915 3367 sedes

208 3395 345 3455 fundatur
358 3400 465 3460 Veneri
482 3403 602 3474 Idaliae,
620 3405 791 3479 tumuloque
805 3404 944 3465 sacerdos

208 3511 244 3550 ac
257 3493 339 3553 lucus
352 3496 411 3556 late
426 3517 510 3560 sacer
524 3500 641 3561 additur
656 3502 814 3560 Anchiseo

248 3596 372 3671 Iamque
387 3595 450 3656 dies
467 3600 584 3673 epulata
597 3616 704 3656 novem
719 3616 791 3674 gens
805 3599 910 3671 omnis,
924 3609 955 3659 et
967 3598 1024 3659 aris

205 3692 299 3752 factus
314 3693 427 3754 honos:
451 3694 560 3770 placidi
575 3704 735 3754 straverunt
747 3712 876 3771 aequora
888 3696 976 3769 venti,

395 3820 427 3855 ru
438 3822 556 3868 aarum,
573 3822 601 3867 R,
633 3876 634 3879 Ἴ
831 3820 987 3870 manusve.
1001 3823 1071 3880 vulg.
