2834 4292
164 300 186 350 1.
199 300 269 366 387.]
414 290 417 296 ’
482 290 549 354 Tae
570 291 732 354 Fortunas
753 294 795 376 os
810 279 908 357 Dido.

164 475 299 534 crudeles
314 494 376 534 aras
391 475 570 552 traiectaque
583 485 705 552 pectora
719 477 795 536 ferro

164 572 295 644 nudavit,
311 591 492 648 caecumque
508 573 614 632 domus
629 574 725 632 scelus
738 593 828 633 omne
842 575 955 633 retexit.

163 671 243 726 Tum
257 669 384 727 celerare
399 669 497 744 fugam
512 671 663 745 patriaque
678 671 824 729 excedere
838 671 951 744 suadet,

164 767 363 840 auxiliumque
376 767 440 824 viae
454 776 567 826 veteres
583 768 683 854 tellpre
696 767 822 849 recludit

163 863 325 952 thpsauros,
341 863 474 952 ignqtum
490 865 601 939 argenti
616 863 734 946 poqdus
748 876 778 923 et
790 866 861 924 auri.

164 961 225 1018 His
239 970 389 1018 commota
402 961 500 1036 fugam
515 961 596 1020 Dido
611 962 767 1036 sociosque
781 963 920 1042 parabat:

163 1058 355 1129 conveniunt,
370 1058 474 1146 quilius
489 1069 539 1116 aut
555 1058 660 1118 odium
673 1058 792 1117 crudele
806 1059 920 1135 tyranni

163 1153 217 1212 aut
230 1164 325 1246 metus
339 1172 407 1232 acer
421 1165 481 1213 erat
493 1175 502 1227 3
525 1155 615 1225 navis,
632 1173 708 1230 quae
723 1156 796 1213 sorte
810 1165 938 1230 paratae,

165 1251 336 1326 corripiunt,
351 1262 531 1327 onerantque
547 1270 636 1310 auro:
658 1262 811 1328 portantur
822 1253 901 1310 avari

129 1349 362 1434 &mulionis
376 1367 448 1424 opes
463 1350 589 1432 pelag03
612 1348 673 1406 dux
686 1349 886 1436 leminaffaqti.

164 1447 322 1503 Devenere
335 1446 426 1517 locos,
442 1447 493 1504 ubi
507 1465 586 1504 nunc
602 1447 732 1520 ingentia
745 1447 841 1504 cernis

163 1542 284 1600 moenia
298 1551 523 1618 surgentemque
538 1561 632 1602 novae
650 1543 836 1618 Karthaginis
849 1562 959 1616 arcem,

163 1639 346 1713 mercatique
361 1639 466 1712 solum,
481 1640 550 1698 facti
567 1639 605 1698 de
620 1640 740 1698 nornine
756 1641 884 1715 Byrsam,

162 1736 280 1794 taurino
294 1745 435 1829 quantum
450 1747 572 1812 possent
588 1735 769 1794 circumdare
784 1746 875 1812 tergo.

163 1832 225 1892 Sed
240 1851 291 1890 vos
305 1833 357 1907 qui
370 1832 500 1904 tandem,
515 1834 621 1909 quibus
635 1843 685 1891 aut
700 1833 819 1891 venistis
833 1833 872 1892 ab
885 1833 954 1907 oris,

163 1947 263 2004 quove
276 1931 382 1988 tenetis
396 1929 486 1988 iterP‘
530 1931 690 2005 Quaerenti
704 1930 809 1988 talibus
823 1930 871 1988 ille

163 2027 321 2102 suspirans,
336 2027 455 2102 imoque
469 2027 586 2115 trahens
603 2045 621 2084 a
634 2036 755 2102 pectore
769 2045 894 2085 vocem:

207 2124 253 2184 ⁴0
268 2123 333 2196 dea,
349 2124 373 2182 si
387 2124 481 2200 prima
494 2134 631 2207 repetens
646 2124 684 2182 ab
699 2124 809 2198 origine
825 2143 956 2200 pergam,

164 2230 196 2280 et
209 2233 294 2279 vacet
307 2221 418 2279 annalis
432 2231 597 2280 nostrorum
613 2220 715 2279 audire
730 2221 873 2294 laborum,

163 2328 233 2377 ante
248 2318 328 2377 diem
343 2319 443 2377 clauso
457 2327 619 2393 componat
632 2319 746 2393 Vesper
760 2317 899 2403 Olyprpo.

164 2417 230 2474 Nos
243 2416 334 2474 Troia
348 2416 475 2491 antiqua,
491 2416 515 2474 si
529 2425 639 2475 vestras
654 2415 728 2474 sorte
742 2433 797 2490 per
808 2417 886 2474 auris

162 2515 270 2572 Troiae
285 2531 395 2572 nomen
409 2513 450 2586 iit,
465 2513 580 2572 diversa
594 2531 647 2589 per
662 2531 791 2588 aequora
804 2523 906 2572 vectos

163 2612 237 2670 forte
252 2630 306 2668 sua
320 2611 436 2686 Libycis
450 2620 609 2692 tempestas
625 2609 738 2686 adpulit
751 2610 818 2668 oris.

164 2709 235 2767 Sum
250 2709 314 2782 pius
328 2710 453 2779 Aeneas,
467 2717 566 2784 raptos
581 2709 631 2783 qui
647 2726 684 2766 ex
699 2707 784 2766 hoste
799 2709 924 2768 Penates

158 2807 257 2862 classe
270 2805 348 2863 veho
362 2823 490 2876 mecum,
505 2806 583 2864 lama
598 2823 686 2880 super
700 2805 820 2863 aethera
833 2815 930 2864 notus.

165 2903 280 2960 Italiam
294 2921 405 2976 quaero
418 2905 541 2980 patriam
557 2913 587 2962 et
601 2921 694 2980 genus
709 2903 748 2960 ab
763 2904 835 2961 Iove
849 2921 975 2962 summo.

163 3000 213 3058 Bis
228 2999 313 3057 denis
328 3000 484 3076 Phrygium
500 3001 662 3060 conscendi
679 3001 802 3060 navibus
815 3017 935 3075 aequor,

162 3108 255 3156 matre
271 3081 329 3156 dea
341 3109 522 3158 monstrante
537 3101 622 3172 viam,
638 3100 710 3158 data
723 3100 783 3158 sata
796 3108 933 3171 secutus;

161 3197 211 3254 vix
224 3210 340 3272 septem
353 3200 511 3260 convolsae
525 3199 612 3258 undis
628 3201 768 3273 Euroque
783 3205 946 3272 supersunt.

163 3295 233 3369 Ipse
248 3295 373 3368 ignotus,
389 3313 489 3372 egens,
505 3297 614 3372 Libyae
629 3296 748 3356 deserta
762 3312 896 3370 peragro,

163 3393 285 3467 Europa
298 3403 386 3468 atque
402 3393 471 3456 Asia
484 3395 604 3468 pulsus!
649 3396 716 3452 Nec
730 3395 813 3469 plura
826 3401 1003 3476 querentem
1024 3401 1027 3407 '

103 3519 107 3528 <
122 3571 139 3580 -
153 3507 249 3574 ¹passa
263 3491 363 3547 Venus
377 3489 478 3550 medio
492 3491 533 3548 sic
548 3491 681 3550 interfata
696 3491 797 3570 dolore
814 3501 879 3549 est:

113 3603 118 3612 ·
203 3587 363 3662 ‘Quisquis
378 3605 419 3658 es,
435 3587 522 3662 haud,
538 3587 638 3661 credo,
653 3587 761 3648 invisus
777 3587 952 3646 caelestibus
964 3605 1051 3646 auras

279 3743 315 3778 ⁸⁵⁹
325 3745 468 3792 thensauros.
484 3746 513 3794 R.
767 3745 804 3780 ⁸⁷⁴
814 3751 937 3805 componet.
955 3747 983 3792 R.

278 3817 314 3852 ⁸⁸⁵
323 3832 410 3866 cernes.
426 3820 455 3866 R.
768 3820 803 3854 ⁸⁸²
813 3822 873 3866 haut
884 3822 945 3880 (and
955 3819 1064 3878 always).
1077 3821 1105 3865 R
