2834 4292
120 272 153 321 V.
165 270 240 338 325]
493 263 524 326 T
520 264 591 327 rial
609 266 651 347 os
665 265 821 349 Archery.

119 447 324 522 consequitur,
338 447 422 506 viridi
437 448 610 507 Mnestheus
625 449 757 509 evinctus
771 451 856 511 oliva.

118 543 240 601 Tertius
256 545 408 621 Eurytion,
423 558 498 617 tuus,
513 562 532 603 o
547 546 715 617 clarissime,
729 548 823 620 trater,

119 639 268 712 Pandare,
284 642 334 716 qui
348 640 508 715 quondam,
523 642 617 701 iussus
632 644 815 703 confundere
829 644 945 720 foedus,

118 738 151 795 in
166 736 285 795 medios
299 738 390 795 telum
403 738 509 798 torsisti
523 740 634 815 primus
650 740 788 799 Achivos

119 837 282 894 Extremus
296 837 437 911 galeaque
451 837 510 894 ima
524 836 655 895 subsedit
668 840 800 909 Acestes,

118 952 211 991 ausus
227 944 257 991 et
270 934 334 1008 ipse
348 952 437 991 manu
451 933 589 991 iuvenum
603 944 748 1009 temptare
761 936 903 996 laborem.

159 1032 244 1089 Tum
258 1030 360 1089 validis
374 1031 464 1089 flexos
478 1031 630 1089 incurvant
643 1031 751 1090 viribus
764 1051 848 1091 arcus

119 1145 174 1202 pro
190 1146 224 1186 se
239 1129 362 1203 quisque
376 1130 437 1200 viri,
452 1138 482 1187 et
496 1127 673 1203 depromunt
687 1129 748 1186 tela
760 1130 910 1205 pharetris

119 1225 280 1299 Primaque
294 1243 346 1300 per
360 1226 483 1297 caelum,
498 1244 589 1285 nervo
604 1226 757 1297 stridente,
771 1229 877 1303 sagitta

119 1320 306 1396 Hyrtacidae
321 1322 432 1381 iuvenis
445 1322 577 1381 volucres
592 1323 757 1383 diverberat
770 1342 874 1398 auras3

118 1428 149 1475 et
162 1419 256 1489 venit,
271 1417 442 1493 adversique
457 1419 583 1493 infigitur
596 1420 698 1478 arbore
713 1421 792 1479 mali.

120 1515 279 1572 Intremuit
292 1515 394 1587 malus,
408 1516 563 1590 timuitque
580 1518 715 1575 exterrita
727 1518 834 1593 pennis

118 1606 189 1677 ales,
206 1616 237 1662 et
253 1606 364 1679 ingenti
378 1616 539 1663 sonuerunt
552 1608 652 1665 omnia
664 1608 777 1682 plausu.

119 1703 191 1760 Post
207 1720 277 1759 acer
291 1702 464 1760 Mnestheus
478 1701 610 1761 adducto
625 1704 756 1763 constitit
768 1723 847 1777 arcu,

117 1800 176 1855 alta
191 1808 305 1873 petens,
321 1798 486 1873 pariterque
501 1800 603 1859 oculos
617 1800 768 1876 telumque
783 1800 917 1863 tetendit.
932 1865 936 1870 ,

118 1898 172 1953 Ast
187 1896 283 1970 ipsam
297 1895 478 1955 miserandus
493 1914 576 1955 avem
591 1897 762 1972 contingere
776 1897 852 1959 ferro

118 2010 179 2049 non
193 1992 303 2051 valuit:
325 1989 420 2050 nodos
435 2002 465 2051 et
478 1993 594 2053 vincula
607 1994 685 2051 linea
697 1995 784 2069 mpit,

118 2090 183 2164 quis
199 2089 308 2147 innexa
321 2088 429 2165 pedem
444 2090 523 2147 malo
537 2090 686 2165 pendebat
700 2091 738 2149 ab
752 2092 831 2152 alto:

117 2186 165 2243 illa
178 2195 267 2245 notos
282 2195 370 2261 atque
384 2187 442 2244 alta
455 2187 555 2245 volans
569 2187 600 2246 in
613 2188 713 2246 nubila
726 2189 808 2264 fugit.

117 2284 196 2341 Tum
210 2282 339 2358 rapidus,
354 2282 527 2341 iamdudum
541 2302 610 2342 arcu
626 2294 766 2343 contenta
779 2295 882 2361 parato

117 2380 175 2437 tela
188 2390 303 2451 tenenS,
317 2381 434 2438 fratrem
449 2381 590 2457 Eurytion
604 2382 635 2440 in
648 2392 717 2442 vota
730 2383 854 2458 vocavit,

118 2477 175 2535 iam
190 2496 286 2535 vacuo
300 2478 406 2536 laetam
421 2478 504 2537 caelo
518 2480 694 2554 speculatus,
709 2489 739 2539 et
752 2481 805 2541 alis

118 2574 310 2647 plaudentem
323 2575 406 2649 nigra
418 2575 480 2649 figit
494 2576 548 2635 sub
562 2577 641 2636 nube
655 2578 834 2637 columbam.

119 2670 240 2729 Decidit
254 2672 403 2743 exanimis,
417 2672 565 2747 vitamque
579 2674 694 2749 reliquit
707 2675 738 2733 in
752 2676 835 2735 astn's

119 2769 262 2840 aetheriis,
276 2768 423 2844 fixamque
436 2771 522 2829 refert
536 2770 656 2846 delapsa
669 2772 813 2847 sagittam.

156 2866 273 2923 Amissa
286 2866 364 2924 solus
378 2866 476 2942 palma
490 2868 645 2942 superabat
656 2871 779 2928 Acestes
790 2890 799 2942 ς

120 2963 168 3036 qui
181 2973 282 3021 tamen
296 2963 386 3021 aerias
401 2963 491 3023 telum
506 2965 660 3024 contendit
673 2967 704 3025 in
719 2985 812 3040 auras,

121 3069 268 3118 ostentans
281 3069 432 3135 artemque
447 3071 530 3136 pater
543 3080 702 3138 arcumque
718 3075 883 3125 sonantem.

122 3155 180 3213 Hic
195 3157 286 3215 oculis
301 3158 397 3217 subito
412 3158 536 3217 obicitur
549 3178 717 3235 magnoque
731 3161 859 3221 futurum

120 3253 238 3327 augurio
252 3263 434 3328 monstrum,
456 3254 558 3315 docuit
572 3269 641 3333 post
654 3258 748 3317 exitus
763 3259 877 3335 ingens,

121 3366 240 3425 seraque
253 3350 372 3409 terrifici
386 3353 556 3413 cecinerunt
570 3355 671 3413 omina
683 3365 775 3415 vates.

123 3446 257 3524 Namque
270 3448 372 3507 volans
385 3449 501 3525 liquidis
515 3451 546 3511 in
559 3452 686 3513 nubibus
700 3453 770 3513 arsit
783 3454 908 3528 arundo,

231 3650 237 3659 -
284 3624 317 3658 ⁴⁸⁸
326 3624 431 3671 subsidit.
447 3626 480 3673 H.
797 3629 832 3664 Μ
842 3634 959 3680 contorsit.
975 3634 1005 3682 R.

283 3698 318 3734 ⁸⁰⁶
328 3700 423 3747 timmt.
434 3734 440 3747 .
450 3700 556 3759 .plausn,
566 3702 683 3749 brackets.
699 3704 728 3749 R.
797 3703 832 3738 ⁶²²
840 3707 949 3756 subitum.
965 3708 994 3755 R.

475 3772 510 3809 ⁸³⁶
519 3776 628 3822 mado
641 3778 700 3833 (aud
710 3778 818 3837 always).
835 3781 863 3826 R
