2834 4292
139 322 169 372 V.
184 322 251 389 185.]
546 312 577 375 Τ
572 312 611 375 lte
633 312 789 395 Regatta.
1136 327 1196 391 133

139 498 253 556 turbam
268 498 342 556 inter
356 497 561 572 fremitumque
576 498 676 573 Gyas;
697 514 788 571 quern
802 493 911 552 deinde
925 493 1088 554 Cloanthus

139 596 338 670 consequitur,
353 596 456 665 melior
468 595 565 666 remis,
581 593 635 652 sed
649 592 782 669 pondere
796 592 882 667 pinus

138 692 222 749 tarda
236 702 327 752 tenet
369 694 439 750 Post
453 692 506 749 hos
521 708 619 766 aequo
632 690 800 749 discrimine
815 688 912 747 Pristis

140 789 362 864 Centaurusque
376 790 475 847 locum
488 788 614 847 tendunt
628 804 765 862 superare
778 786 904 861 priorem
915 806 925 859 ;

129 895 168 943 ,et
181 904 263 944 nunc
278 885 375 943 Pristis
389 886 486 957 habet,
502 904 582 943 nunc
595 885 703 943 victam
718 884 855 959 praeterit
869 884 971 958 iugens

139 983 314 1053 Centaurus,
329 1000 407 1040 nunc
422 1000 480 1040 una
493 982 599 1041 ambae
613 981 778 1055 iunctisque
791 980 922 1038 seruntur

137 1078 292 1151 frontibus,
307 1088 337 1136 et
350 1079 437 1153 longa
450 1079 564 1137 sulcant
577 1077 653 1137 vada
666 1078 744 1136 salsa
756 1077 863 1134 carina.

178 1177 304 1249 Iamque
319 1176 557 1251 propinquabant
570 1175 695 1250 scopulo
710 1184 878 1249 metamque
892 1174 1044 1248 tenebant,

139 1292 210 1330 cum
224 1272 361 1348 princeps
375 1272 534 1347 medioque
549 1273 629 1348 Gyas
645 1273 674 1329 in
688 1272 801 1347 gurgite
816 1272 909 1330 victor

137 1380 287 1429 rectorem
302 1369 383 1427 navis
398 1370 556 1445 compellat
570 1388 644 1428 voce
661 1371 841 1429 Menoeten:

138 1468 229 1541 ‘Quo
243 1475 356 1524 tantum
371 1466 443 1524 mihi
457 1466 559 1527 dexter
573 1468 656 1526 abis?
698 1468 770 1525 Huc
784 1466 875 1541 dirige
889 1485 1040 1543 gressum3

138 1565 204 1623 litus
222 1581 297 1634 ama,
313 1572 343 1621 et
356 1563 452 1621 laevas
466 1564 586 1639 stringat
599 1564 661 1623 sine
676 1564 805 1640 palmula
817 1575 939 1637 cautes3

138 1662 232 1721 altum
246 1659 294 1718 alii
307 1662 446 1719 teneant.'
488 1661 589 1734 Dixit;
611 1660 664 1721 sed
679 1678 770 1719 caeca
783 1662 940 1719 Menoetes

138 1778 208 1818 saxa
225 1759 332 1817 timens
345 1776 462 1833 proram
476 1758 571 1833 pelagi
586 1757 742 1832 detorquet
755 1757 795 1815 ad
807 1757 913 1815 undas.

140 1858 231 1931 ‘Quo
244 1855 375 1913 diversus
388 1855 490 1927 abisi’
506 1855 610 1913 iterum
626 1857 714 1913 ‘Pete
727 1872 805 1925 saxa,
821 1856 962 1913 Menoete
976 1856 998 1913 l'

140 1973 210 2013 cum
226 1954 352 2011 clamore
368 1953 448 2028 Gyas
462 1953 637 2025 revocabat3
660 1961 690 2009 et
703 1969 776 2009 ecce
791 1952 969 2011 Cloanthum

138 2052 260 2129 respicit
274 2052 430 2109 instantem
445 2059 537 2125 tergo,
552 2058 581 2107 et
595 2049 732 2125 propiora
746 2059 906 2107 tenentem.

141 2152 194 2209 Ille
210 2151 287 2210 inter
299 2167 463 2225 navemque
480 2150 562 2222 Gyae
577 2148 774 2222 scopulosque
788 2156 927 2205 sonantes

139 2248 217 2307 radit
232 2248 285 2305 iter
298 2248 413 2305 laevum
427 2246 554 2316 interior,
570 2245 726 2319 subitoque
740 2244 868 2319 priorem

139 2345 288 2421 praeterit,
304 2354 333 2402 et
347 2344 431 2402 metis
446 2354 527 2402 tenet
542 2361 669 2419 aequora
682 2351 746 2401 tuta
758 2342 875 2401 relictis.

139 2444 218 2501 Tum
233 2460 303 2499 vero
318 2442 423 2499 exarsit
437 2441 534 2501 iuveni
550 2440 637 2501 dolor
651 2440 766 2499 ossibus
779 2440 892 2515 ingens,

140 2559 197 2597 nec
211 2539 338 2597 lacrimis
353 2556 471 2597 caruere
484 2556 587 2615 genae,
604 2556 784 2615 segnemque
799 2540 972 2611 Menoeten,

139 2637 248 2695 oblitus
263 2635 437 2710 decorisque
451 2637 495 2694 sui
509 2637 681 2711 sociumque
697 2636 805 2706 salutis,

140 2733 169 2791 in
184 2750 266 2791 mare
281 2720 471 2807 praecipitem
486 2734 580 2809 puppi
594 2733 730 2793 deturbat
744 2735 782 2792 ab
795 2735 874 2808 alta3

140 2829 204 2905 ipse
219 2829 398 2905 gubernaclo
414 2839 510 2888 rector
522 2830 608 2901 subit,
623 2830 685 2905 ipse
700 2832 845 2906 magister,

141 2926 331 3001 hortaturque
345 2926 430 2997 viros,
447 2926 620 3001 clavumque
636 2926 674 2984 ad
688 2928 773 2986 litora
784 2938 910 3005 torquet.

142 3025 180 3081 At
194 3023 298 3098 gravis,
313 3032 345 3081 ut
359 3022 451 3081 fundo
466 3024 514 3091 vix
527 3022 646 3083 tandem
662 3023 794 3083 redditus
809 3028 869 3085 imo
883 3038 937 3102 est,

142 3119 201 3177 iam
216 3120 316 3179 senior
328 3119 508 3194 madidaque
524 3121 615 3179 fluens
631 3121 660 3178 iu
675 3132 755 3180 veste
771 3125 928 3185 Menoetes

143 3235 259 3275 summa
272 3216 346 3292 petit
359 3216 473 3292 scopuli
487 3218 625 3292 siccaque
640 3218 669 3275 in
684 3237 757 3294 rupe
771 3221 889 3281 resedit

126 3370 129 3383 ,
144 3314 230 3375 Illum
244 3323 276 3371 et
289 3313 436 3371 labentem
449 3314 557 3371 Teucri
571 3323 601 3371 et
615 3314 702 3373 risere
716 3325 877 3390 natantem,

90 3394 126 3465 ts
144 3420 173 3467 et
187 3410 278 3468 salsos
292 3409 388 3467 rident
402 3394 602 3505 revomfntem
618 3422 738 3486 pectore
752 3414 867 3474 fluctus.

100 3510 104 3527 ¹
186 3508 246 3565 Hic
260 3507 338 3565 laeta
351 3508 487 3585 extremis
502 3524 569 3581 spes
584 3517 627 3565 est
641 3528 768 3567 accensa
781 3511 907 3585 duobus,

145 3603 279 3677 Sergesto
296 3604 513 3678 Mnestheique,
530 3604 615 3678 Gyan
630 3623 766 3680 superare
781 3620 953 3669 morantem.

146 3698 295 3773 Sergestus
310 3700 390 3775 capit
403 3711 472 3757 aute
487 3700 586 3757 locum
601 3702 782 3778 scopuloque
796 3707 983 3782 propinquat,

310 3825 343 3859 rm
353 3827 441 3885 derzge.
457 3828 486 3873 R,
603 3826 638 3863 1⁶8
649 3828 725 3875 laeva.
741 3830 770 3877 R
874 3832 909 3866 1⁸⁴
920 3833 1032 3879 Mnesthi.
