2834 4292
193 319 235 383 24
562 304 725 368 Pastoral
744 305 874 372 Poems.
1131 314 1245 379 [Buoor.

232 488 328 546 Necte
341 485 431 547 trihus
445 486 531 546 nodis
544 496 653 560 ternos,
667 488 812 564 Amarylli,
827 489 951 560 colores,

190 594 287 657 necte,
301 585 446 661 Amarylli,
461 583 562 656 modo,
577 594 608 643 et
628 584 744 644 Veneris
757 585 807 644 dic
820 587 939 644 vincula
954 594 1044 644 necto.

192 683 299 740 Ducite
313 683 352 740 ab
365 683 435 740 urbe
450 681 581 754 domum,
596 699 663 740 mea
676 683 814 753 carmina,
828 682 929 741 ducite
943 683 1104 760 Daphnim.

232 780 331 838 Limus
342 789 373 837 ut
387 779 436 837 hic
449 778 578 838 durescit
591 788 621 838 et
635 779 711 836 haec
725 788 757 836 ut
771 797 839 838 cera
852 780 986 855 liquescit

190 895 251 935 uno
265 876 430 952 eodemque
445 877 513 952 igni,
529 877 570 934 sic
583 886 684 934 nostro
698 877 833 952 Daphnis
846 895 957 936 amore.

191 973 299 1049 Sparge
313 974 430 1045 molam,
445 984 475 1031 et
489 974 593 1049 fragilis
608 973 736 1032 incende
750 975 892 1032 bitumine
906 975 1011 1034 laurus.

191 1069 326 1146 Daphnis
340 1089 388 1128 me
402 1071 494 1129 malus
507 1071 571 1142 urit,
586 1089 643 1146 ego
658 1071 735 1128 hanc
749 1072 780 1130 in
794 1070 953 1146 Daphnide
967 1071 1088 1130 laurum.

191 1168 299 1226 Ducite
313 1168 351 1227 ab
365 1169 436 1226 urbe
452 1167 584 1239 domurn,
599 1186 666 1226 mea
680 1169 819 1240 carmina,
834 1167 933 1226 ducite
948 1169 1108 1243 Daphnim

229 1266 309 1324 Talis
323 1285 406 1324 amor
419 1266 578 1342 Daphnim,
593 1266 685 1340 qualis
699 1285 768 1324 cum
782 1267 858 1324 fessa
870 1267 1027 1324 iuvencum

190 1381 244 1438 per
255 1381 377 1422 nemora
390 1373 477 1439 atque
492 1364 565 1421 altos
579 1362 749 1438 quaerendo
762 1364 870 1421 bucula
882 1364 965 1422 lucos

56 1504 61 1513 .
131 1531 135 1538 1
191 1470 310 1536 propter
323 1479 416 1536 aquae
430 1461 522 1518 rivum
535 1459 618 1518 viridi
633 1461 800 1535 procumbit
813 1461 844 1518 in
858 1460 932 1532 ulva,

191 1556 314 1632 perdita,
328 1576 386 1616 nec
400 1575 480 1615 serae
495 1557 627 1615 meminit
641 1556 789 1615 decedere
803 1558 894 1629 nocti,

191 1654 255 1711 talis
269 1673 351 1713 amor
364 1664 470 1726 teneat,
485 1672 542 1711 nec
556 1655 592 1712 sit
606 1653 678 1712 mihi
691 1673 763 1712 cura
775 1655 897 1714 mederi.

192 1752 302 1810 Ducite
317 1752 355 1809 ab
368 1753 438 1811 urbe
453 1750 584 1822 domum,
599 1770 666 1808 mea
679 1752 818 1824 cannina,
833 1751 934 1810 ducite
948 1752 1108 1828 Daphnim.

233 1849 297 1906 Has
312 1849 381 1906 olim
396 1849 512 1906 exuvias
526 1847 597 1906 mihi
611 1848 740 1923 perfidus
755 1849 802 1907 ille
816 1849 940 1923 reliquit,

191 1945 314 2021 pignora
327 1964 395 2004 cara
408 1946 460 2017 sui,
475 1963 550 2021 quae
564 1963 644 2003 nunc
659 1965 715 2021 ego
729 1947 829 2004 limine
843 1947 874 2003 in
888 1947 962 2022 ipsc,

192 2053 277 2114 terra,
292 2043 343 2101 tibi
358 2042 468 2101 mando
480 2063 488 2116 ;
510 2041 621 2102 debent
635 2043 710 2100 haec
724 2044 848 2118 pignora
862 2044 1022 2119 Daphnim.

192 2140 299 2199 Ducite
313 2141 352 2198 ab
365 2141 435 2198 urbe
451 2140 581 2211 domum,
597 2159 663 2198 mea
676 2141 815 2211 carmina,
830 2140 929 2198 ducite
944 2141 1104 2216 Daphnim.

233 2237 298 2294 Has
313 2237 416 2295 herbas
430 2247 517 2310 atque
532 2237 606 2294 haec
622 2239 718 2295 Ponto
732 2237 803 2295 mihi
817 2238 894 2294 lecta
906 2256 1022 2296 venena

191 2333 255 2409 ipse
269 2332 352 2391 dedit
367 2335 496 2406 Moeris,
518 2334 813 2410 nascunnr-plurima
827 2337 931 2393 Ponto,

193 2431 250 2488 His
265 2449 320 2506 ego
335 2449 423 2506 saepe
437 2431 538 2506 lupum
552 2432 613 2489 fieri
628 2441 703 2489 etse
719 2431 849 2489 condere
863 2431 940 2489 silvis

193 2529 328 2600 Moerim,
343 2546 431 2603 saepe
445 2529 556 2586 animas
572 2529 636 2586 imis
652 2529 748 2586 excire
763 2529 913 2605 sepulcris,

191 2634 278 2699 atque
292 2634 368 2682 satas
382 2625 438 2682 alio
453 2624 513 2682 vidi
527 2624 679 2682 traducere
696 2626 808 2685 messis.

192 2722 299 2779 Ducite
315 2722 352 2779 ab
367 2721 437 2779 urbe
452 2720 583 2792 domurn,
598 2740 666 2778 mea
680 2723 818 2795 carmina,
834 2722 933 2781 ducite
948 2722 1108 2798 Daphnim.
1203 2746 1247 2779 ιω

233 2819 289 2875 Fer
303 2819 425 2888 cinerea,
439 2817 586 2892 Amarylli,
601 2819 686 2890 foras,
701 2819 823 2894 rivoque
838 2819 938 2877 fluenti

191 2924 326 2988 transque
341 2925 429 2990 caput
441 2915 513 2986 iace,
529 2933 584 2972 nec
598 2916 776 2990 respexeris:
800 2915 845 2973 his
858 2934 915 2990 ego
929 2915 1080 2991 Daphnim

191 3011 362 3086 adgrediar,
383 3011 456 3068 nihil
469 3011 515 3069 ille
530 3011 612 3081 deos,
627 3011 667 3068 nil
684 3013 815 3070 carmina
828 3021 919 3071 curat.

191 3109 299 3167 Ducite
314 3109 351 3167 ab
364 3110 435 3168 urbe
450 3108 581 3180 domurn,
596 3127 663 3167 mea
676 3110 815 3181 carmina,
831 3108 930 3167 ducite
945 3109 1104 3185 Daphnim.

231 3207 349 3281 Aspice,
364 3207 503 3281 corripuit
517 3207 644 3264 tremulis
659 3207 759 3265 altaria
772 3207 895 3265 flammis
1202 3227 1245 3274 105

180 3315 296 3380 ‚sponte
311 3323 371 3375 sua,
387 3303 458 3362 dum
472 3305 544 3362 ferre
560 3322 665 3376 moror,
682 3305 755 3363 cinis
770 3307 851 3380 ipse:
873 3307 985 3364 bonum
999 3305 1055 3364 sitt

192 3401 303 3459 Nescio
316 3400 389 3476 ¹quid
404 3411 483 3460 certe
499 3411 551 3473 est,
567 3412 597 3460 et
611 3402 705 3478 Hylas
720 3403 750 3460 in
764 3403 863 3460 limine
877 3403 969 3460 latrat.

192 3497 356 3570 Credimus,
370 3517 417 3570 an,
433 3499 482 3572 qui
496 3508 603 3570 amant,
619 3499 674 3574 ipsi
688 3499 744 3557 sibi
758 3501 873 3557 somnia
886 3499 1021 3574 fingunt?

193 3595 315 3668 Parcite,
329 3596 368 3653 ab
381 3596 452 3654 urbe
466 3595 554 3668 venit,
570 3597 628 3654 iam
642 3595 781 3668 carmina,
796 3597 917 3671 parcite,
934 3596 1077 3671 Daphnis.

250 3797 372 3844 ttbocula.
388 3798 416 3843 R.
482 3797 506 3832 ⁹⁶
511 3799 634 3857 pluruma.
650 3799 678 3844 R.
744 3798 767 3832 ⁹⁸
777 3799 882 3844 Moerin.
898 3799 931 3844 H.
990 3797 1023 3830 ¹⁰⁷
1035 3798 1123 3855 Hylax.
1140 3798 1173 3846 H.
