2834 4292
104 287 110 298 '
206 319 248 386 50
476 322 497 369 1.
527 303 594 366 Tre
617 301 780 386 landing
799 301 835 366 tn
858 301 987 384 Africa.

205 485 405 562 artificumque
420 505 523 571 maqus
536 487 612 546 inter
625 505 657 545 se
671 504 855 562 operumque
869 486 1001 581 labqrem

204 585 330 656 miratur,
345 584 424 642 videt
439 584 542 643 Iliacas
558 603 595 642 ex
608 583 711 642 ordine
726 602 850 660 pugnas,

204 681 337 755 bellaque
351 681 409 738 iam
424 682 501 738 fama
514 691 609 739 totum
623 682 739 756 volgata
752 698 806 756 per
820 681 933 754 orbem,

204 776 329 850 Atridas,
345 778 558 854 Priamumque,
574 788 603 836 et
617 796 737 836 saevum
751 778 896 838 ambobus
908 779 1062 837 Achillem.

205 876 350 946 Constitit,
362 885 391 932 et
405 876 568 946 lacrimans,
584 879 591 905 ‘
605 875 677 949 Quis
693 875 753 933 iam
767 874 867 933 locus'
882 877 978 952 inquit
990 880 1000 907 ‘
1010 877 1133 948 Achate,

204 989 279 1046 quae
293 972 374 1047 regio
388 972 418 1029 in
432 972 513 1030 terris
528 972 619 1030 nostri
633 989 695 1029 non
709 972 798 1047 plena
810 972 939 1031 laboris?

205 1069 251 1126 En
267 1069 415 1127 Priamus!
458 1070 529 1127 Sunt
543 1069 592 1127 hic
606 1069 693 1126 etiam
710 1088 764 1127 sua
776 1070 908 1145 praemia
919 1070 1000 1128 laudi
1008 1090 1019 1143 3

204 1175 271 1224 sunt
284 1166 420 1222 lacrimae
434 1183 530 1223 rerum
545 1175 576 1223 et
591 1176 722 1224 mentem
737 1167 870 1225 mortalia
883 1177 1016 1243 tangunt.

101 1321 106 1329 ,
204 1263 288 1322 Solve
303 1271 417 1336 metus;
439 1263 510 1320 feret
524 1263 598 1320 haec
613 1264 741 1339 aliquam
756 1265 809 1323 tibi
823 1264 901 1322 fama
913 1265 1056 1324 salutem)
1080 1269 1082 1274 '

204 1360 252 1420 Sic
265 1360 314 1431 ait,
329 1367 417 1435 atque
433 1361 564 1418 animum
579 1361 693 1436 pictura
710 1362 804 1437 pascit
817 1361 907 1434 inani,

205 1458 295 1515 multa
315 1476 444 1533 gemens,
466 1459 604 1533 largoque
625 1468 755 1516 umectat
772 1457 891 1516 flumine
905 1459 1027 1518 voltum.

245 1555 382 1634 Namqqe
396 1553 523 1627 videbat,
539 1555 581 1612 uti
595 1555 737 1614 bellantes
751 1557 894 1636 Pergama
906 1556 1019 1613 circum

204 1651 260 1733 hac
274 1651 406 1726 fugerent
421 1652 510 1723 Graii,
525 1661 670 1727 premeret
685 1652 813 1709 Troiana
827 1652 971 1724 iuventuS,
1033 1670 1036 1675 ·

179 1823 194 1830 -
204 1749 260 1806 hac
275 1748 411 1824 Phryges,
423 1748 542 1808 instaret
557 1767 642 1806 curru
657 1749 791 1806 cristatus
803 1748 943 1807 Achilles.

205 1847 271 1903 Nec
284 1846 388 1920 procul
402 1845 472 1904 hinc
487 1846 579 1904 Rhesi
593 1846 684 1903 niveis
698 1845 825 1904 tentoria
836 1845 908 1904 velis

204 1942 357 2019 adgnoscit
371 1943 534 2015 lacrimans,
551 1943 645 2018 primo
660 1961 735 2018 quae
750 1942 867 2017 prodita
879 1961 986 2003 somno

203 2040 334 2116 Tydides
349 2041 440 2099 multa
454 2041 585 2099 vastabat
600 2039 692 2098 caede
709 2049 856 2112 cruentus,

104 2196 125 2226 ¹.
204 2138 390 2214 ardentisque
406 2138 508 2196 avertit
522 2155 614 2212 equos
629 2138 659 2194 in
674 2147 777 2210 castra,
791 2138 870 2212 prius
884 2155 975 2213 quam

203 2236 310 2312 pabula
323 2244 486 2312 gustassent
500 2235 605 2293 Troiae
620 2233 830 2309 Xanthumque
845 2234 996 2294 bibissent.

204 2335 288 2393 Parte
303 2334 359 2391 alia
372 2333 485 2408 fugiens
500 2332 613 2390 amissis
627 2332 743 2390 Troilus
756 2333 853 2403 armis,

204 2432 302 2490 infelix
315 2449 388 2506 puer
402 2439 490 2506 atque
507 2430 601 2504 impar
616 2446 788 2505 congressus
803 2429 918 2501 Achilli,

203 2531 292 2588 fertur
305 2528 396 2603 equis,
413 2545 555 2602 curruque
572 2527 671 2584 haeret
686 2527 839 2602 resupinus
853 2527 950 2598 inani‚-
973 2511 978 2518 ⁶

203 2628 264 2686 lora
277 2636 381 2684 tenens
395 2635 495 2683 tamen
505 2639 517 2697 ;'
536 2624 605 2683 huic
619 2624 775 2699 cervixque
789 2641 953 2699 comaeque
967 2624 1119 2684 trahuntur

203 2743 256 2801 per
269 2734 384 2795 terram,
400 2733 429 2780 et
442 2741 526 2782 versa
539 2721 632 2798 pulvis
644 2722 807 2780 inscribitur
821 2721 913 2781 hasta

204 2825 321 2882 Interea
336 2820 374 2879 ad
388 2821 530 2896 templum
543 2838 605 2878 non
621 2837 733 2894 aequae
751 2818 876 2877 Palladis
890 2819 972 2879 ibant

203 2920 330 2979 crinibus
346 2917 452 2998 Iliades
466 2919 558 2993 passis
572 2918 752 2993 peplumque
768 2917 910 2988 ferebant,

203 3017 372 3094 suppliciter
385 3015 478 3074 tristes
493 3025 523 3072 et
537 3024 639 3073 tunsae
654 3025 777 3091 pectora
792 3014 917 3089 palmis;

204 3116 271 3175 diva
285 3115 347 3174 solo
362 3114 435 3172 fixos
449 3113 550 3172 oculos
564 3131 664 3170 aversa
677 3112 806 3171 tenebat.

203 3217 263 3274 Ter
276 3214 387 3272 circum
403 3193 509 3270 Iliacos
522 3221 684 3287 raptaverat
699 3213 833 3270 Hectora
847 3227 955 3281 muros,

205 3311 430 3385 exanimumque
444 3326 514 3366 auro
529 3326 635 3384 corpus
650 3308 797 3368 vendebat
811 3306 948 3366 Achilles.

203 3413 282 3469 Tum
296 3427 365 3466 vero
378 3408 527 3481 ingentem
543 3407 684 3481 gemitum
698 3406 883 3482 datpectore
899 3406 938 3462 ab
951 3403 1021 3474 imo,

204 3516 236 3567 ut
250 3507 351 3582 spolia,
365 3515 396 3562 ut
412 3522 519 3574 currus,
534 3514 624 3579 utque
638 3505 735 3579 ipsum
750 3523 856 3580 corpus
871 3504 967 3574 amici,

204 3603 433 3677 tendentemque
447 3617 551 3658 manus
566 3601 719 3663 Priamum
728 3601 880 3677 conspexit
895 3600 1021 3659 inermis.

204 3704 240 3762 Se
256 3717 374 3778 quoque
388 3697 569 3774 principibus
582 3698 757 3782 permixtum
773 3697 913 3772 adgnovit
927 3695 1053 3768 Achivis,

261 3827 296 3863 455
307 3829 405 3876 intrans·
421 3825 450 3873 R,
768 3825 802 3860 lta
813 3824 835 3861 8⁰
847 3824 869 3859 tl
880 3823 903 3858 82
913 3825 1019 3870 between
1030 3820 1065 3855 lta
1074 3824 1125 3870 aad
1134 3821 1153 3870 4,
1170 3823 1199 3869 R
