2834 4292
133 328 186 377 111.
199 327 267 393 256]
439 317 573 379 Islandr
596 316 637 398 of
653 315 706 378 tlre
728 314 881 397 Harpies.

131 502 164 559 in
180 513 294 577 partem
309 500 509 576 praedamque
524 501 646 572 Iovem;
668 509 731 557 tum
745 499 827 557 litore
842 517 932 556 curvo

33 626 182 701 qr
131 600 368 672 exstruimusque
383 607 471 667 toros‚
486 596 668 671 dapibusque
684 596 836 670 epulamur
849 597 963 671 opimis.

129 698 172 753 At
186 696 299 753 subitae
314 694 450 752 horrifico
465 694 546 768 lapsu
562 692 599 750 de
615 694 763 751 montibus
777 691 884 750 adsunt

131 794 297 868 Harpyiae,
312 801 342 849 et
355 791 468 865 magnis
482 789 617 865 quatiunt
631 789 815 865 clangoribus
829 790 899 862 alas,

129 890 333 965 diripiuntque
348 888 450 963 dapes,
465 896 662 961 contactuque
677 888 777 944 omnia
790 886 912 945 foedant

129 987 310 1059 immund03
331 996 393 1043 tum
407 1004 465 1042 vox
479 994 602 1042 taetrum
618 983 680 1041 dira
694 984 770 1041 inter
784 983 917 1042 odorem.

129 1087 263 1144 Rursum
277 1085 307 1141 in
322 1100 440 1141 secessu
454 1082 543 1156 longo
558 1081 613 1139 sub
626 1100 698 1156 rupe
713 1091 824 1153 cavata,

128 1183 285 1241 arboribus
300 1180 391 1238 clausi
405 1180 515 1237 circum
530 1188 617 1253 atque
633 1179 816 1237 horrentibus
829 1178 948 1251 umbris,

128 1280 302 1339 instruimus
317 1295 433 1335 mensas
447 1278 562 1351 arisque
577 1278 746 1352 reponimus
760 1278 876 1352 ignem:

128 1392 247 1436 rursum
262 1396 299 1434 ex
313 1375 428 1434 diverso
443 1375 516 1431 caeli
532 1374 686 1449 caecisque
701 1374 817 1431 latebris

127 1476 219 1534 turba
232 1492 340 1532 sonans
353 1472 495 1547 praedam
509 1470 634 1546 pedibus
649 1472 838 1529 circumvolat
850 1472 944 1544 uncis,

127 1572 238 1649 polluit
252 1590 302 1629 ore
317 1571 419 1646 dapes.
461 1571 553 1629 Sociis
568 1580 647 1640 tunc,
663 1588 744 1626 arma
757 1579 920 1644 capessant,

41 1730 43 1735 ,
129 1662 232 1734 edic0,
247 1673 277 1719 et
291 1661 354 1719 dira
367 1662 477 1721 bellum
492 1681 560 1719 cum
575 1670 662 1735 gente
676 1660 849 1735 gerendum.

130 1760 229 1820 Haud
243 1778 327 1817 secus
342 1778 377 1817 ac
392 1760 459 1817 iussi
474 1760 592 1829 faciunt,
608 1768 762 1832 tectosque
777 1776 830 1832 per
843 1757 964 1816 herbam

129 1858 296 1933 disponunt
312 1874 396 1915 enses
412 1866 441 1915 et
455 1865 538 1914 scuta
551 1856 669 1912 latentia
683 1854 825 1913 condunt.

129 1958 215 2031 Ergo
229 1955 279 2013 ubi
294 1954 432 2030 delapsae
447 1954 573 2012 sonitum
589 1970 642 2027 per
655 1971 743 2009 curva
757 1952 867 2010 dedere

127 2055 227 2124 litora,
242 2051 293 2110 dat
307 2052 420 2127 signum
436 2051 556 2126 specula
570 2051 702 2108 Misenus
716 2050 754 2108 ab
768 2050 826 2107 alta

128 2168 201 2209 aere
217 2168 299 2208 cavo.
342 2148 490 2206 Invadunt
503 2148 584 2218 socii,
600 2158 629 2205 et
643 2166 721 2205 nova
733 2148 844 2222 proelia
857 2156 1010 2223 temptant,

128 2249 279 2307 obscenas
293 2246 390 2322 pelagi
406 2246 481 2303 ferro
496 2244 615 2302 foedare
630 2243 780 2302 volucres:

127 2343 187 2403 sed
201 2362 299 2418 neque
314 2344 373 2401 vim
386 2343 492 2418 plumis
507 2343 593 2399 ullam
609 2360 665 2400 nec
680 2343 799 2400 volnera
813 2352 897 2421 tergo

128 2442 292 2517 accipiunt,
308 2439 454 2515 celerique
469 2441 536 2515 fuga
550 2440 605 2498 sub
620 2438 716 2497 sidera
729 2440 828 2514 lapsae

129 2557 280 2599 semesam
294 2537 435 2613 praedam
450 2548 478 2595 et
493 2538 613 2612 vestigia
626 2536 716 2594 foeda
728 2538 903 2613 relinquunt.

174 2638 244 2696 Una
257 2636 287 2693 in
301 2635 451 2710 praecelsa
465 2633 600 2692 consedit
614 2654 686 2710 rupe
701 2635 842 2707 Celaenn,

128 2734 234 2793 infelix
247 2743 337 2804 vates
352 2734 518 2809 rumpitque
533 2732 610 2790 hanc
624 2741 746 2807 pectore
761 2752 885 2791 vocem:

129 2832 266 2890 ‘Bellum
280 2831 367 2888 etiam
382 2848 436 2905 pro
451 2830 543 2890 caede
559 2831 650 2889 boum
663 2830 816 2905 stratisque
830 2830 970 2903 iuvencis

130 2927 415 3000 Laomedontiadae,
431 2928 578 2987 bellumne
594 2927 699 2986 inferre
714 2928 830 3002 paratis,

129 3036 160 3084 et
176 3026 272 3101 patrio
288 3028 433 3102 Harpyias
450 3026 573 3084 insontis
587 3025 695 3101 pellere
710 3026 822 3100 regno?

129 3124 268 3199 Accipite
284 3142 353 3199 ergo
370 3125 472 3181 animis
488 3133 575 3199 atque
590 3122 665 3181 haec
679 3141 747 3180 mea
760 3122 839 3197 figite
854 3121 942 3193 dicta,

130 3240 208 3298 quae
225 3221 348 3280 Phoebo
363 3232 446 3297 pater
461 3222 659 3297 omnipotens,
674 3220 745 3278 mihi
761 3220 897 3278 Phoebus
911 3220 1017 3297 Apollo

129 3318 286 3396 praedixit,
300 3319 383 3377 vobis
398 3320 548 3377 Furiarum
564 3337 620 3394 ego
635 3335 773 3376 maxuma
786 3316 897 3393 pando.

131 3417 248 3475 Italiam
263 3435 350 3474 cursu
365 3417 473 3491 petitis,
487 3417 641 3491 ventisque
655 3416 767 3473 vocatis

129 3514 206 3572 ibitis
223 3512 348 3583 Italiam,
363 3523 522 3588 portusque
537 3514 642 3571 intrare
657 3512 776 3585 licebit,·

130 3609 260 3669 sednon
275 3618 343 3667 ante
359 3609 458 3668 datam
473 3611 595 3685 cingetis
610 3610 765 3667 moenibus
779 3610 890 3683 urbem,

130 3724 219 3783 quam
233 3724 287 3765 vos
302 3705 365 3763 dira
379 3706 470 3764 fames
485 3716 660 3785 nostraeque
675 3706 778 3764 iniuria
792 3707 891 3766 caedis

334 3830 368 3868 ³⁸⁰
380 3833 494 3893 Rejected
503 3834 534 3895 by
546 3834 574 3883 R.
766 3834 801 3867 ²⁴⁴
811 3848 941 3881 semessam.
956 3835 985 3881 R.
