2834 4292
218 318 278 383 134
653 318 683 365 v.
712 301 829 383 Sicily.

213 502 270 543 nec
284 492 345 544 tota
359 492 458 543 tamen
472 484 518 544 ille
533 484 612 561 prior
624 490 783 561 praeeunte
798 486 917 557 carina3

213 590 295 657 parte
309 582 396 657 prior,
411 590 524 657 partem
537 590 630 639 rostro
645 582 752 657 premit
765 582 882 640 aemula
895 582 1003 641 Pristis.

213 680 251 736 At
266 677 364 736 media
378 678 475 736 socios
490 676 632 735 incedens
646 696 720 737 nave
734 696 788 753 per
801 679 881 753 ipsos

214 775 343 835 hortatur
357 774 548 834 Mnestheus:
572 776 689 847 ‘Nunc,
704 793 784 833 nunc
799 776 938 851 insurgite
950 776 1048 848 remis,

214 872 357 931 Hectorei
371 872 452 945 socii,
466 872 572 930 Troiae
587 890 661 947 quos
675 882 753 931 sorte
767 890 905 947 suprema

213 969 310 1045 delegi
325 970 467 1041 comites3
489 986 568 1027 nunc
583 968 644 1027 illas
659 970 785 1044 promite
799 970 882 1042 vires,

213 1085 293 1126 nunc
307 1066 429 1137 animos,
445 1066 549 1141 quibus
563 1066 594 1123 in
609 1066 740 1126 Gaetulis
754 1067 882 1143 Syrtibus
896 1067 949 1139 usi,

215 1163 359 1237 Ionioque
374 1162 446 1221 mari
462 1163 638 1237 Maleaeque
654 1163 831 1237 sequacibus
844 1162 941 1224 undis.

215 1262 285 1318 Non
299 1259 356 1318 iam
371 1260 465 1335 prima
478 1270 549 1335 peto
566 1260 749 1332 Mnestheus,
764 1278 861 1335 neque
874 1261 992 1319 vincere
1008 1269 1111 1334 certo,

214 1375 392 1432 quamquam
405 1358 433 1416 Ο
447 1356 558 1415 !—sed
569 1366 718 1432 superent,
729 1357 835 1433 quibus
845 1358 913 1428 hoc,
925 1358 1076 1433 Neptune,
1087 1357 1217 1432 dedisti3
1233 1380 1274 1425 195
1374 1413 1375 1430 ,

215 1464 361 1513 extremos
375 1453 486 1530 pudeat
499 1453 639 1528 rediisse;
662 1454 720 1514 hoc
735 1454 852 1525 vincite,
868 1454 956 1527 cives,

215 1562 244 1609 et
258 1552 411 1627 prohibete
425 1552 526 1611 netas?
568 1552 626 1611 Olli
640 1552 800 1610 certamine
814 1570 930 1609 summo

214 1649 431 1726 procumbunt3
451 1648 539 1707 vastis
552 1650 648 1707 tremit
663 1649 768 1707 ictibus
783 1667 869 1707 aerea
881 1649 999 1725 puppis,

215 1748 447 1822 subtrahiturque
462 1748 556 1807 solum
567 1767 575 1819 ;
596 1758 659 1805 tum
674 1748 777 1807 creber
789 1747 933 1805 anhelitus
946 1757 1025 1806 artus

215 1844 354 1920 aridaque
369 1861 420 1902 ora
434 1844 535 1919 quatit,
551 1844 641 1903 sudor
654 1844 716 1902 fluit
730 1844 860 1920 undique
874 1844 950 1903 rivis.

256 1942 358 2001 Attulit
371 1942 434 2017 ipse
447 1942 514 1999 viris
528 1950 661 2017 optatum
676 1960 761 2001 casus
775 1943 927 2001 honorem.

218 2041 353 2115 Namque
368 2039 464 2097 furens
480 2039 569 2097 animi
583 2039 654 2097 dum
668 2057 785 2114 proram
798 2038 838 2097 ad
851 2057 921 2097 saxa
933 2040 1094 2115 suburguet

216 2138 343 2208 interior,
357 2136 511 2211 spatioque
525 2137 602 2195 subit
616 2138 766 2211 Sergestus
781 2136 891 2212 iniquo,

216 2234 315 2294 infelix
329 2234 404 2293 saxis
418 2234 448 2291 in
463 2233 698 2309 procurrentibus
713 2234 815 2293 haesit.

218 2334 388 2392 Concussae
403 2341 513 2404 cautes,
529 2340 559 2389 et
571 2340 660 2389 acuto
674 2332 704 2390 in
719 2332 829 2389 murice
842 2331 918 2390 remi

217 2429 316 2489 obnixi
331 2447 479 2504 crepuere,
495 2428 635 2503 inlisaque
649 2446 736 2504 prora
749 2428 902 2504 pependit.

219 2530 404 2603 Consurgunt
418 2537 523 2585 nautae
538 2536 568 2584 et
582 2543 690 2601 magno
705 2525 832 2585 clamore
845 2534 1004 2598 morantur,

218 2627 394 2700 ferratasque
410 2623 509 2681 trudes
525 2632 554 2680 et
568 2632 653 2681 acuta
668 2621 790 2697 cuspide
805 2632 909 2681 contos

219 2725 387 2800 expediunt,
402 2724 567 2797 fractosque
581 2721 682 2795 legunt
694 2719 726 2777 in
741 2719 852 2795 gurgite
865 2736 972 2778 remos.

259 2824 296 2880 At
311 2823 402 2880 laetus
417 2819 590 2879 Mnestheus
605 2834 803 2891 successuque
816 2816 911 2875 acrior
923 2816 989 2892 ipso

219 2922 334 2997 agmine
347 2938 494 2977 remorum
509 2917 597 2974 celeri
610 2914 762 2989 ventisque
776 2913 887 2971 vocatis

219 3036 312 3094 prona
326 3018 398 3092 petit
412 3016 502 3074 maria
516 3024 545 3072 et
560 3015 664 3089 pelago
680 3010 808 3069 decurrit
822 3019 933 3085 aperto.

221 3115 321 3188 Qualis
336 3115 475 3189 spelunca
490 3114 587 3172 subito
602 3120 753 3170 commota
766 3108 913 3179 columba,

220 3212 268 3269 cui
283 3212 388 3269 domus
403 3220 432 3269 et
446 3210 547 3269 dulces
562 3209 708 3267 latebroso
724 3208 754 3265 in
768 3206 887 3283 pumice
901 3204 973 3276 nidi,

220 3308 309 3366 fertur
323 3309 352 3366 in
367 3326 434 3366 arva
447 3309 556 3380 volans,
573 3307 765 3382 plausumque
780 3303 914 3365 exterrita
928 3302 1034 3380 pennis

221 3405 272 3464 dat
285 3415 365 3463 tecto
380 3405 537 3481 ingentem,
553 3423 623 3463 mox
637 3409 703 3462 aere
719 3404 800 3479 lapsa
814 3403 915 3478 quieto

220 3502 295 3559 radit
310 3502 364 3559 iter
377 3501 529 3578 liquidum,
544 3502 653 3560 celeres
668 3520 765 3577 neque
780 3509 949 3559 commovet
962 3498 1040 3558 alas:

221 3600 263 3657 sic
278 3599 460 3669 Mnestheus,
476 3598 518 3656 sic
532 3599 595 3673 ipsa
609 3599 676 3675 fuga
690 3608 771 3657 secat
785 3597 887 3655 ultima
900 3597 999 3655 Pn'stis

221 3710 358 3771 aequora,
374 3696 416 3755 sic
430 3694 508 3755 illam
522 3695 576 3753 fert
590 3695 717 3771 impetus
733 3696 794 3771 ipse
809 3694 965 3754 volantem.
999 3760 1002 3764 ,

655 3820 686 3855 1⁸²
692 3822 792 3879 partina.
809 3822 839 3867 R.
