2834 4292
203 342 243 413 7²
528 346 563 394 11.
591 326 658 393 The
680 326 760 393 Fall
777 330 819 413 qs
839 328 871 393 Τ
867 350 930 412 roy.
1134 336 1263 401 [AExaro.

203 516 286 574 Ilicet
301 515 450 574 obruimur
462 530 606 588 numer03
626 516 798 591 primusque
812 514 966 575 Coroebus

202 614 320 671 Penelei
334 611 437 671 dextra
450 611 534 670 divae
551 612 753 689 armipotentis
767 611 806 670 ad
821 631 900 670 aram

201 709 386 785 procumbit;
408 707 487 767 cadit
501 718 532 766 et
546 708 689 783 Rhipeus,
704 709 875 768 iustissimus
889 728 965 767 unus

201 805 252 880 qui
266 806 318 865 fuit
331 806 361 864 in
375 806 496 864 Teucris
511 816 540 863 et
554 806 784 864 servantissimus
799 808 905 881 aequi:

202 902 247 962 dis
261 904 343 962 aliter
356 904 449 962 visum
461 924 469 975 ;
490 913 613 979 pereunt
629 903 824 979 Hypanisque
839 904 1010 979 Dymasque

201 1000 310 1058 confixi
324 1019 342 1057 a
356 1000 463 1073 sociis;
483 1017 540 1057 nec
554 1008 583 1057 te
594 1008 645 1057 tua
658 1000 791 1075 plurima,
807 1000 929 1069 Panthu,

201 1097 348 1155 labentem
363 1097 456 1171 pietas
470 1114 527 1154 nec
541 1096 683 1171 Apollinis
698 1096 788 1155 insula
800 1097 880 1155 texit.

202 1194 284 1253 Iliaci
299 1194 411 1252 cineres
426 1202 456 1251 et
470 1193 587 1251 flamma
601 1202 731 1251 extrema
744 1212 888 1264 meorum,

201 1300 300 1362 testor,
315 1291 345 1348 in
360 1308 468 1348 occasu
477 1301 573 1349 vestro
587 1308 644 1347 nec
658 1290 716 1348 tela
728 1309 786 1348 nec
800 1292 871 1349 ullas

201 1386 334 1445 vitavisse
348 1388 427 1445 vices
442 1388 588 1458 Danaum,
603 1398 642 1458 et,
657 1388 681 1445 si
694 1387 755 1445 fata
767 1388 889 1446 luissent

201 1494 235 1541 ut
248 1483 395 1556 caderem,
410 1484 550 1542 meruisse
564 1502 661 1543 manu.
691 1496 694 1501 '
705 1485 876 1543 Divellimur
888 1483 968 1555 inde,

203 1581 318 1656 Iphitus
332 1591 361 1639 et
376 1582 469 1639 Pelias
483 1599 610 1651 mecum,
625 1599 751 1656 quorum
767 1582 880 1657 lphitus
895 1599 969 1639 aevo

203 1679 261 1735 iam
274 1678 395 1753 gravior,
412 1678 504 1736 Pelias
519 1688 548 1736 et
562 1678 679 1736 volnere
694 1677 794 1737 tardus
808 1679 907 1751 Ulixi;

202 1775 334 1850 protinus
346 1774 385 1832 ad
400 1774 485 1833 sedes
501 1774 605 1832 Priami
617 1762 745 1833 clamore
758 1776 864 1833 vocati.

243 1872 304 1929 Hic
318 1890 387 1929 vero
402 1873 551 1947 ingentem
565 1889 704 1946 pugnam,
720 1890 775 1930 ceu
789 1882 889 1930 cetera
901 1890 1045 1947 nusquam

151 2002 162 2054 ς
201 1969 279 2027 bella
291 1969 395 2039 forent,
411 1969 480 2026 nulli
496 1979 558 2026 tota
571 1978 754 2027 morerentur
767 1970 796 2026 in
811 1970 896 2049 urbel

203 2066 251 2124 Sic
267 2067 392 2123 Martem
406 2065 592 2136 indomitum,
608 2066 787 2140 Danaosque
801 2064 840 2123 ad
855 2076 933 2124 tecta
946 2065 1055 2124 ruentis

203 2164 357 2233 cernimus,
369 2162 582 2236 obsessumque
597 2172 663 2219 acta
677 2162 824 2220 testudine
839 2164 938 2221 limen.

204 2261 337 2317 Haerent
351 2260 507 2334 parietibus
522 2260 625 2331 scalae,
641 2260 792 2335 postisque
806 2261 861 2318 sub
875 2261 954 2335 ipsos

202 2358 332 2414 nituntur
345 2355 491 2431 gradibus,
505 2356 675 2431 clipeosque
690 2355 729 2413 ad
743 2357 801 2414 tela
814 2357 933 2415 sinistris

202 2454 326 2529 protecti
340 2454 481 2525 obiciunt,
496 2463 635 2529 prensant
649 2454 763 2528 fastigia
776 2453 893 2512 dextris.

204 2550 391 2608 Dardanidae
406 2560 509 2608 eontra
521 2551 605 2608 turris
619 2568 656 2609 ac
669 2560 731 2608 tota
745 2550 901 2609 domorum

203 2647 331 2706 culmina
344 2647 511 2705 convellunt
523 2667 530 2719 ;
552 2647 596 2704 his
611 2664 652 2718 se,
669 2648 790 2722 quando
804 2649 906 2706 ultima
919 2659 1053 2719 cernunt,

204 2754 332 2801 extrema
345 2745 403 2802 iam
417 2744 449 2801 in
463 2754 556 2801 morte
570 2754 673 2819 parant
688 2743 848 2802 defendere
862 2745 947 2816 telis;

203 2851 373 2915 auratasque
388 2841 492 2913 trabes,
507 2850 638 2899 veterum
655 2840 766 2899 decora
781 2842 838 2900 alta
851 2851 1014 2917 parentum,

203 2937 362 2996 devolvunt
374 2959 382 3011 ;
403 2939 450 2997 alii
464 2939 569 2997 strictis
587 2940 776 2997 mucronibus
790 2940 862 2997 imas

203 3035 346 3093 obsedere
361 3037 458 3109 lores;
479 3036 530 3093 has
547 3046 661 3094 servant
676 3037 792 3111 agmine
807 3036 911 3097 denso.

204 3132 357 3190 Instaurati
372 3134 470 3205 animi,
485 3135 560 3209 regis
576 3152 745 3193 succurrere
758 3135 854 3206 tectis,

202 3229 368 3305 auxilioque
382 3231 476 3288 levare
489 3232 575 3302 viros,
590 3233 708 3307 vimque
723 3231 834 3289 addere
847 3233 939 3291 victis.

245 3328 349 3386 Limen
363 3339 424 3387 erat
437 3348 603 3405 caecaeque
622 3331 698 3388 fores
714 3340 744 3387 et
757 3331 871 3405 pervius
885 3349 954 3387 usus

202 3435 346 3483 tectorum
361 3428 435 3486 inter
448 3447 480 3487 se
496 3430 610 3499 Priami,
628 3438 787 3503 pestesque
800 3429 892 3486 relicti

203 3541 221 3581 a
235 3532 325 3597 tergo,
341 3525 439 3584 infelix
453 3544 511 3600 qua
525 3544 565 3597 se,
581 3525 653 3584 dum
667 3544 758 3600 regna
771 3526 937 3597 manebant,

203 3622 318 3697 saepius
332 3621 539 3681 Andromache
553 3622 625 3680 ferre
640 3623 811 3681 incomitata
823 3623 936 3682 solebat

203 3718 242 3779 ad
256 3736 384 3788 soceros,
399 3729 429 3778 et
443 3736 498 3779 avo
512 3736 636 3796 puerum
650 3721 826 3795 Astyanacta
839 3720 980 3780 trahebat

562 3847 598 3884 ¹³⁸
609 3860 705 3896 comma
715 3848 774 3895 atter
784 3850 852 3896 vices.
868 3848 897 3897 R.
