2834 4292
141 336 203 384 Eoi.
220 335 282 402 VL]
602 326 746 391 Silenus.

141 509 261 568 ‘solvite
276 526 334 580 me,
349 508 452 584 pueri3
474 507 542 566 satis
556 518 601 566 est
614 510 744 584 potuisse
758 510 868 570 videri:

140 607 280 678 carmina,
295 624 371 680 quae
385 605 479 676 voltis,
495 606 684 680 cognoscite3
706 608 836 664 carmina
848 608 942 681 vobis,

140 703 210 761 huic
224 702 304 760 aliud
318 701 463 760 mercedis
477 701 548 760 erit:
561 703 568 728 ’
590 701 675 760 simul
689 703 792 778 incipit
805 705 878 780 ipse.

139 801 219 858 Tum
232 817 302 857 vero
316 800 346 856 in
360 816 515 856 numerum
530 799 706 874 Faunosque
721 799 855 874 ferasque
868 799 984 860 videres

139 897 252 968 ludere,
268 905 330 954 tum
344 895 450 971 rigidas
464 904 575 953 motare
591 896 746 954 cacumina
759 915 905 971 quercus;

139 1013 198 1052 nec
212 1003 326 1052 tantum
341 993 469 1052 Phoebo
477 991 586 1068 gaudet
601 993 736 1051 Pamasia
749 1011 845 1068 rupes,

139 1110 198 1148 nec
212 1101 326 1148 tantum
340 1088 488 1166 Rhodope
504 1089 622 1147 miratur
635 1099 665 1147 et
680 1091 807 1148 Ismarus
822 1090 950 1166 Orphea

182 1189 320 1263 Namque
334 1188 468 1258 canebat,
483 1186 525 1244 uti
540 1205 678 1262 magnum
692 1205 747 1262 per
760 1188 848 1246 inane
863 1197 968 1246 coacta

139 1285 254 1344 semina
267 1294 466 1359 terrammque
480 1284 654 1359 animaeque
670 1285 814 1358 marisque
829 1286 959 1356 fuissent,

139 1392 171 1440 et
185 1381 288 1456 liquidi
302 1382 387 1440 simul
401 1382 494 1457 ignis;
516 1391 549 1439 ut
562 1381 606 1438 his
621 1381 742 1439 exordia
755 1383 855 1457 primis

138 1480 242 1538 omnia
255 1488 285 1537 et
299 1479 362 1554 ipse
376 1487 460 1536 tener
473 1478 577 1536 mundi
591 1481 773 1537 concreverit
786 1479 863 1538 orbis
874 1500 883 1552 ς

138 1587 204 1634 tum
218 1576 322 1634 durare
336 1576 432 1633 solum
447 1585 476 1634 et
490 1575 655 1634 discludere
671 1578 769 1634 Nerea
782 1586 876 1652 ponto

137 1673 281 1749 coeperit,
296 1682 326 1730 et
339 1691 436 1731 rerum
450 1673 590 1748 paulatim
605 1691 720 1731 sumere
734 1675 862 1746 formas;

137 1770 258 1844 iamque
272 1788 383 1827 novum
395 1778 489 1827 terrae
503 1779 639 1845 stupeant
654 1771 803 1828 lucescere
818 1772 920 1844 solem,

138 1868 225 1924 altius
240 1875 327 1941 atque
342 1866 451 1924 cadant
464 1866 606 1925 submotis
620 1867 745 1926 nubibus
759 1868 887 1941 imbres;

138 1965 284 2039 incipiant
297 1964 385 2021 silvae
399 1965 606 2039 cumprimum
620 1983 745 2040 surgere,
761 1983 888 2040 cumque

137 2080 205 2118 rara
218 2079 272 2136 per
285 2060 400 2135 ignaros
415 2071 511 2118 errent
524 2061 659 2120 animalia
672 2063 789 2120 montis.

184 2158 266 2214 Hinc
280 2156 392 2232 lapides
407 2157 532 2233 Pyrrhae
546 2159 647 2229 iactos,
663 2159 795 2217 Saturnia
808 2177 906 2235 regna,

139 2255 358 2329 Caucasiasque
372 2254 459 2312 refert
473 2255 612 2325 volucres,
628 2256 793 2330 furtumque
809 2257 993 2317 Promethei:

139 2353 186 2410 his
200 2350 341 2426 adiungit,
358 2351 458 2426 Hylan
473 2361 578 2410 nautae
594 2371 653 2428 quo
668 2353 749 2411 fonte
763 2354 897 2411 relictum

139 2450 325 2520 clamassent,
339 2456 372 2506 ut
385 2449 451 2506 litus
464 2449 556 2524 Hyla,
571 2450 651 2524 Hyla
661 2456 675 2506 s
696 2468 784 2508 omne
799 2461 924 2509 sonaret.

183 2547 223 2604 Et
236 2546 420 2618 fortunatam,
439 2545 463 2603 si
477 2565 636 2621 numquam
650 2558 782 2604 armenta
795 2549 924 2621 fuissent,

140 2640 307 2719 Pasiphaen
320 2643 398 2700 nivei
412 2643 520 2701 solatur
533 2661 632 2701 amore
647 2644 772 2702 iuvenci.

139 2741 197 2812 Ah,
211 2741 292 2814 virgo
307 2739 415 2811 infelix,
430 2758 505 2815 quae
520 2750 548 2798 te
564 2740 715 2799 dementia
728 2743 826 2817 cepit!

140 2835 294 2896 Proetides
308 2837 455 2911 inplerunt
468 2837 545 2896 falsis
559 2839 716 2914 mugitibus
730 2857 833 2914 agros:

140 2944 170 2991 at
184 2952 247 2991 non
260 2942 321 2991 tam
334 2934 426 3008 turpis
440 2933 590 3008 pecudum
604 2945 703 2993 tamen
717 2937 775 2993 ulla
789 2947 890 2995 secuta
904 2947 949 2996 est

141 3029 325 3100 concubitus,
340 3032 471 3104 quamvis
487 3032 563 3088 collo
579 3032 721 3089 timuisset
735 3043 869 3106 aratrum,

141 3138 171 3184 et
185 3144 275 3202 saepe
290 3127 320 3183 in
333 3127 389 3184 levi
404 3129 565 3202 quaesisset
578 3147 690 3186 cornua
703 3130 806 3187 fronte.

139 3225 197 3295 Ah,
211 3223 293 3298 virgo
308 3224 415 3295 infelix,
431 3234 462 3282 tu
476 3244 555 3283 nunc
570 3226 600 3283 in
614 3227 762 3284 montibus
777 3245 872 3286 erras:

140 3321 197 3391 ille,
213 3321 288 3377 latus
302 3320 420 3378 niveum
434 3323 513 3379 molli
528 3323 613 3379 fultus
628 3323 796 3398 hyacintho,

141 3418 207 3474 ilice
221 3415 276 3474 sub
290 3417 372 3492 nigra
388 3419 522 3492 pallentis
539 3420 664 3477 mminat
679 3420 793 3493 herbas,

139 3523 190 3572 aut
203 3514 334 3588 aliquam
346 3513 377 3572 in
390 3534 498 3590 magno
513 3516 644 3590 sequitur
657 3535 754 3591 grege.

568 3612 730 3692 [Claudite‚
745 3615 902 3691 nymphae,

280 3811 305 3844 8⁷
313 3826 404 3860 novom.
419 3814 448 3860 R.
588 3813 612 3848 ⁴⁷
622 3828 644 3860 a.
661 3814 690 3860 R.
829 3815 852 3848 ⁴⁹
862 3821 897 3860 est
906 3819 1012 3864 omitted.
1030 3819 1059 3864 R.
