2834 4292
145 338 275 402 V1.836.]
355 329 483 393 Slzades
506 331 547 412 os
562 330 686 393 Futura
708 330 841 393 Roman
864 330 997 395 Heroas.

146 532 217 586 nec,
232 514 284 589 qui
297 514 462 590 pampineis
476 514 570 572 victor
582 513 650 589 iuga
663 512 755 571 flectit
768 513 901 586 habenis,

147 612 247 683 Liber,
262 630 353 687 agens
366 612 447 669 celso
463 612 561 687 Nysae
576 610 614 667 de
629 611 737 668 vertice
751 612 848 685 tigres.

148 708 191 765 Et
205 707 373 767 dubitamus
387 708 485 765 adhuc
498 708 601 765 virtute
616 707 775 765 extendere
789 709 874 779 vires,

147 816 200 864 aut
215 815 311 863 metus
327 801 456 863 Ausonia¹
468 805 604 879 prohibet
618 806 776 863 consistere
790 805 888 863 terra?

192 902 285 975 ‘Quis
299 902 403 977 procul
416 902 463 959 ille
477 912 576 959 autent
590 902 677 958 ramis
689 901 810 975 insignis
825 903 919 961 olivae

149 1017 233 1056 sacra
246 999 364 1057 ferens?
405 1000 507 1057 Nosco
521 999 615 1056 crines
629 999 796 1072 incanaque
810 1010 911 1059 menta

148 1096 228 1170 regis
242 1095 379 1167 Romani,
394 1096 503 1171 primus
517 1095 568 1169 qui
582 1095 695 1170 legibus
709 1096 814 1153 urbem

148 1192 294 1264 fundabit,
310 1193 434 1251 Curibus
449 1192 543 1267 parvis
558 1202 588 1251 et
601 1208 733 1268 paupere
746 1202 823 1251 terra

148 1290 256 1347 missus
271 1289 301 1346 in
315 1290 468 1363 imperium
484 1306 633 1363 magnum.
676 1290 734 1349 &ri
748 1288 857 1349 deinde
872 1291 989 1364 subibit,

149 1387 211 1445 otia
225 1386 276 1461 qui
289 1394 406 1461 rumpet
419 1385 530 1461 patriae
543 1385 712 1461 residesque
726 1388 857 1447 movebit

149 1484 251 1541 Tullus
266 1483 296 1540 in
310 1500 391 1540 arma
403 1483 480 1539 viros
494 1490 524 1539 et
539 1483 598 1541 iam
613 1483 736 1543 desueta
749 1486 903 1562 triumphis

150 1581 277 1657 agmina
320 1580 419 1653 Quem
432 1580 513 1637 iuxta
525 1580 656 1655 sequitur
668 1582 822 1642 iactantior
835 1586 944 1655 Ancus,

149 1696 231 1738 nunc
246 1694 365 1753 quoque
380 1677 439 1735 iam
453 1678 577 1737 nimium
590 1678 723 1755 gaudens
737 1681 926 1756 popularibus
940 1683 1026 1742 auris.

148 1778 202 1835 Vis
218 1785 248 1834 et
261 1776 437 1851 Tarquinios
451 1792 543 1852 reges,
559 1779 747 1853 animamque
762 1779 919 1854 superbam
1001 1771 1004 1777 ’

149 1874 251 1932 ultoris
266 1875 355 1946 Bruti,
372 1876 526 1951 fascesque
540 1874 639 1934 videre
653 1877 812 1951 receptos?

150 1972 289 2032 Consulis
303 1973 458 2048 imperium
472 1974 521 2031 hic
535 1973 645 2049 primus
659 1988 819 2047 saevasque
833 1989 952 2031 secures

150 2071 287 2146 accipiet,
302 2081 446 2146 natosque
461 2080 544 2147 pater
558 2086 636 2129 nova
649 2069 727 2128 bella
739 2078 891 2128 moventes

150 2168 192 2226 ad
205 2186 333 2243 poenam
347 2168 471 2244 pulchra
483 2185 538 2243 pro
553 2167 684 2226 libertate
699 2167 826 2226 vocabit.

152 2266 266 2339 Infelix,
281 2277 442 2343 utcumque
457 2267 550 2325 ferent
565 2282 601 2324 ea
615 2264 693 2323 facta
705 2265 844 2336 minores,

150 2364 251 2421 vincet
264 2382 346 2422 amor
359 2365 470 2439 patriae
485 2362 664 2438 laudumque
679 2362 823 2420 immensa
837 2362 958 2438 cupido.

153 2460 234 2535 Quin
249 2462 359 2520 Decios
374 2463 546 2537 Drusosque
561 2459 664 2536 procul
678 2476 858 2534 saevumque
872 2459 967 2541 securi

152 2559 252 2633 aspice
257 2554 448 2634 'l'orquatum
461 2568 492 2617 et
506 2559 680 2617 referentem
695 2556 779 2632 signa
792 2556 959 2615 Camillum.

195 2654 284 2713 ‘Illae
297 2665 406 2728 autem,
420 2656 539 2731 paribus
553 2672 626 2731 quas
641 2652 751 2729 fulgere
765 2653 861 2711 cernis
875 2653 906 2711 in
918 2652 1015 2724 armis

153 2752 318 2811 concordes
332 2753 446 2811 animae
460 2770 540 2811 nunc
556 2761 586 2810 et
600 2750 673 2811 dum
687 2759 777 2808 nocte
790 2758 971 2825 premuntur,

153 2849 211 2907 heu
226 2860 369 2926 quantum
383 2850 458 2909 inter
471 2866 503 2908 se
517 2849 635 2920 bellum,
652 2849 676 2907 si
690 2848 802 2906 lumina
814 2847 890 2905 vitae

154 2947 309 3022 attigerint,
323 2956 447 3021 quantas
460 2947 540 3004 acies
554 2954 741 3021 stragemque
756 2943 876 3003 ciebunt
888 2946 896 3002 l

154 3043 316 3118 Aggeribus
330 3060 415 3101 socer
428 3043 540 3118 Alpinis
554 3052 643 3117 atque
657 3060 726 3100 arce
743 3040 886 3101 Monoeci

155 3139 349 3211 descendens,
364 3158 454 3216 gener
466 3140 594 3199 adversis
608 3140 765 3198 instructus
780 3139 862 3197 Eois.

156 3237 212 3308 Ne,
226 3238 318 3313 pueri,
332 3254 370 3295 ne
384 3246 464 3295 tanta
478 3237 583 3295 animis
597 3236 761 3295 adsuescite
776 3236 861 3308 bella,

155 3352 213 3392 neu
226 3334 337 3409 patriae
350 3333 461 3392 validas
474 3334 505 3392 in
517 3334 630 3392 viscera
642 3334 746 3391 vertite
760 3333 837 3392 vires
848 3354 857 3406 ;

155 3440 245 3505 tuque
258 3431 346 3507 prior,
360 3440 392 3489 tu
406 3449 504 3506 parce,
518 3448 611 3507 genus
625 3430 676 3506 qui
690 3428 775 3489 ducis
789 3430 930 3507 Olympo,

156 3528 254 3602 proice
268 3528 326 3586 tela
339 3546 437 3598 manu,
451 3529 568 3603 sanguis
582 3544 665 3587 meus
679 3530 737 3585 l-

196 3624 266 3683 ‘Ille
280 3624 458 3699 triumphata
471 3624 618 3700 Capitolia
631 3622 670 3683 ad
684 3624 743 3682 alta
756 3623 901 3684 Corintho

298 3768 334 3803 ⁸⁰⁶
343 3770 454 3814 virtum
469 3803 475 3815 .
490 3802 497 3815 .
512 3802 519 3815 .
527 3768 608 3827 sactis.
624 3768 657 3816 ll.

297 3840 377 3877 ⁸⁰⁸⁴²⁵
386 3842 445 3887 alter
455 3841 494 3887 ⁸⁸⁵.
510 3842 538 3888 R.
