2834 4292
140 314 172 365 v.
184 313 242 379 48.]
412 388 413 391 Ἴ
486 302 639 369 Wekome
660 302 700 385 by
722 302 863 369 Acestes.

138 490 282 565 colligere
296 506 377 546 arma
389 486 470 547 iubet
483 487 642 563 validisque
656 487 826 547 incumbere
839 486 937 560 remis,

138 587 334 661 obliquatque
349 586 428 643 sinus
442 586 473 643 in
487 595 615 656 ventum,
631 604 667 643 ac
682 586 751 643 talia
763 585 857 644 fatur:

138 684 354 758 ‘Magnanime
369 686 478 754 Aenea,
493 700 563 753 non,
578 682 602 740 si
616 682 687 740 mihi
702 683 835 757 luppiter
847 691 951 741 auctor

137 780 299 856 spondeat,
314 780 372 838 hoc
386 796 502 855 sperem
518 780 629 837 Italiam
646 780 817 855 contingere
832 780 927 839 caelo.

137 878 252 935 Mutati
266 888 427 935 transversa
440 877 567 933 fremunt
581 885 611 934 et
625 894 747 951 vespere
761 876 801 935 ab
814 886 878 934 atro

136 986 323 1050 consurgunt
336 974 424 1045 venti,
440 985 527 1049 atque
542 974 573 1031 in
586 973 697 1031 nubem
708 974 823 1048 cogitur
835 974 895 1031 aer.

137 1072 171 1129 N
173 1090 210 1128 ec
225 1089 280 1129 nos
294 1071 386 1129 obniti
401 1082 511 1141 contra,
528 1086 583 1129 nec
598 1069 720 1129 tendere
735 1079 849 1128 tantum

136 1167 312 1227 sufficimus.
353 1169 475 1243 Superat
489 1169 629 1243 quoniam
645 1168 784 1237 Fortuna,
798 1184 963 1241 sequamur,

136 1283 260 1340 quoque
275 1276 370 1336 vocat,
383 1275 530 1323 vertamus
544 1266 606 1323 iter.
649 1265 678 1323 N
680 1283 716 1322 ec
730 1264 815 1321 litora
827 1264 916 1339 longe

135 1362 204 1420 fida
216 1380 282 1420 reor
295 1363 420 1420 fraterna
433 1344 533 1437 Erycis
548 1370 707 1437 portusque
722 1361 854 1431 Sicanos,

136 1460 163 1517 si
180 1459 273 1517 modo
286 1460 339 1517 rite
354 1478 467 1518 memor
480 1470 592 1517 servata
605 1459 743 1517 remetior
755 1460 850 1515 astra!

180 1556 259 1614 Tum
274 1557 338 1633 pius
353 1558 485 1615 Aeneas:
509 1554 677 1631 ‘Equidem
691 1556 734 1613 sic
749 1572 872 1630 poscere
885 1563 990 1613 ventos

134 1652 314 1711 iamdudum
329 1663 358 1711 et
372 1653 474 1710 frustra
488 1671 578 1711 cerno
591 1663 621 1711 te
635 1652 758 1711 tendere
773 1661 894 1710 contra:

135 1750 226 1807 flecte
241 1750 316 1807 viam
331 1749 410 1807 velis.
451 1752 498 1807 An
512 1750 548 1807 sit
562 1750 634 1807 mihi
647 1750 754 1824 gratior
766 1748 833 1818 ulla,

135 1864 239 1922 quove
254 1847 345 1921 magis
360 1847 449 1905 fessas
463 1857 564 1921 optem
578 1846 733 1905 demittere
746 1864 845 1915 naves,

135 1962 229 2019 quam
244 1961 319 2018 quae
335 1943 516 2001 Dardanium
530 1944 613 2001 tellus
628 1943 699 2001 mihi
714 1956 807 2001 servat
822 1946 960 2014 Acesten,

34 2030 35 2033 ¹
135 2051 167 2098 et
181 2040 271 2115 patn's
286 2040 432 2098 Anchisae
447 2040 558 2115 gremio
573 2040 779 2115 complectitur
792 2040 897 2097 ossal’

136 2139 228 2195 Haec
243 2137 293 2195 ubi
307 2136 395 2207 dicta,
410 2147 514 2212 petunt
528 2146 638 2211 portus,
654 2146 684 2194 et
698 2137 763 2194 vela
776 2135 901 2194 secundi

136 2232 294 2291 intendunt
307 2233 450 2309 Zephyri3
472 2233 561 2291 fertur
575 2234 634 2293 cita
647 2234 760 2308 gurgite
774 2233 883 2305 classis,

136 2340 168 2389 et
182 2329 303 2389 tandem
317 2330 384 2387 laeti
398 2340 485 2387 notae
499 2329 688 2389 advertuntur
700 2348 816 2389 arenae.

177 2428 216 2485 At
229 2427 333 2502 procul
346 2444 384 2484 ex
397 2427 477 2485 celso
491 2428 609 2485 miratus
623 2428 731 2485 vertice
747 2428 854 2486 montis

134 2524 296 2583 adventum
310 2525 463 2598 sociasque
477 2535 562 2596 rates,
577 2526 704 2583 occurrit
718 2527 848 2597 Acestes,

134 2621 270 2680 horridus
285 2621 315 2678 in
329 2622 428 2679 iaculis
443 2631 473 2679 et
487 2622 562 2695 pelle
578 2620 735 2697 Libystidis
749 2640 842 2693 ursae,

133 2721 224 2777 Troia
238 2720 354 2778 Criniso
368 2729 547 2793 conceptum
561 2718 681 2777 flumine
696 2729 789 2777 mater

133 2834 227 2891 quem¹
238 2816 358 2891 genuit:
380 2825 511 2873 veterum
525 2834 586 2873 non
601 2817 758 2875 immemor
771 2816 819 2874 ille
832 2826 988 2893 parentum

133 2922 262 2987 gratatur
274 2911 409 2983 reduces,
424 2922 453 2970 et
467 2930 538 2987 gaza
551 2913 644 2971 laetus
658 2914 764 2989 agresti

133 3009 253 3083 excipit,
268 3027 304 3066 ac
318 3009 409 3067 sessos
423 3010 529 3084 opibus
543 3010 652 3069 solatur
665 3012 776 3069 amicis.

173 3108 295 3165 Postera
309 3124 377 3163 cum
391 3107 486 3182 primo
500 3108 596 3165 stellas
611 3108 732 3167 Oriente
746 3109 858 3184 fugarat

132 3204 212 3261 clara
225 3202 298 3274 dies,
313 3203 410 3261 socios
425 3204 456 3261 in
471 3215 590 3263 coetum
604 3205 687 3263 litore
701 3206 740 3263 ab
753 3206 836 3263 omni

132 3298 259 3359 advocat
273 3302 398 3371 Aeneas,
413 3302 576 3375 tumulique
591 3319 628 3359 ex
642 3320 748 3377 aggere
763 3302 855 3361 latur:

132 3395 339 3454 ‘Dardanidae
354 3398 461 3472 magni,
476 3416 568 3473 genus
583 3399 642 3456 alto
657 3417 675 3456 a
688 3400 829 3473 sanguine
844 3398 954 3473 divom,

131 3511 245 3551 annuus
260 3494 369 3551 exactis
384 3495 548 3569 completur
562 3496 711 3553 mensibus
724 3496 811 3567 orbis,

131 3608 167 3647 ex
180 3608 241 3665 quo
255 3590 390 3667 reliquias
405 3590 553 3666 divinique
568 3610 635 3651 ossa
648 3593 775 3667 parentis

131 3685 318 3745 condidimus
332 3697 408 3745 terra
421 3697 604 3763 maestasque
619 3690 796 3748 sacravimus
809 3709 883 3749 aras.

344 3814 368 3851 ὅ
377 3816 475 3862 excelso.
490 3816 523 3863 ll.
775 3817 798 3851 ⁸⁸
811 3819 920 3865 Criniso.
935 3819 968 3865 Η.
