2834 4292
119 318 148 368 V.
161 317 235 383 321.]
510 308 577 371 The
598 308 677 373 Foot
699 310 797 375 Race.

119 492 281 568 cingebant
294 492 392 563 silvae,
406 490 563 567 mediaque
578 493 607 550 in
622 493 694 559 valle
710 493 814 551 theatri

120 590 216 647 circus
232 598 312 662 erat;
335 606 395 665 quo
411 606 442 647 se
457 590 555 648 multis
569 608 638 647 cum
652 591 768 649 milibus
782 591 869 649 heros

120 704 264 744 consessu
279 685 410 744 medium
424 686 488 747 tulit
503 696 708 760 exstructoque
723 686 841 745 resedit.

121 783 192 854 Hic,
208 784 262 857 qui
276 783 348 841 torte
362 784 451 841 velint
465 783 569 859 rapido
584 782 764 841 contendere
779 802 874 854 cursu,

120 878 224 938 invitat
238 880 337 956 pretiis
350 882 474 952 animos,
489 889 519 938 et
532 882 662 955 praemia
675 881 769 955 ponit.

121 975 267 1052 Undique
281 978 460 1035 conveniunt
474 978 583 1035 Teucri
597 978 738 1051 mixtique
752 978 859 1051 Sicani,

123 1075 212 1133 Nisus
228 1084 260 1131 et
274 1074 415 1150 Euryalus
428 1075 525 1150 primi,

123 1171 268 1247 Euryalus
282 1172 376 1230 forma
389 1173 508 1247 insignis
522 1171 665 1247 viridique
680 1173 807 1247 iuventa,

123 1269 212 1326 Nisus
228 1287 329 1327 amore
344 1268 395 1345 pio
408 1270 511 1345 pueri3
533 1288 608 1344 quos
622 1268 732 1329 deinde
747 1284 866 1333 secutus

123 1368 218 1443 regius
235 1368 353 1443 egregia
368 1368 473 1425 Priami
488 1367 527 1425 de
542 1370 629 1443 stirpe
646 1371 771 1443 Diores;

123 1465 202 1523 huuc
217 1466 312 1524 Salius
325 1466 411 1522 simul
425 1475 454 1523 et
469 1467 585 1537 Patron,
601 1484 726 1541 quorum
738 1468 812 1527 alter
824 1473 969 1542 Acarnan,

124 1566 195 1622 alter
208 1566 248 1624 ab
263 1564 392 1622 Arcadio
405 1565 559 1639 Tegeaeae
574 1566 716 1640 sanguine
730 1567 843 1641 gentis;

123 1673 185 1721 tum
200 1664 264 1722 duo
277 1662 418 1733 Trinacrii
433 1664 560 1735 iuvenes,
579 1664 723 1739 Helymus
740 1666 942 1739 Panopesque,

124 1761 239 1820 adsueti
254 1761 341 1832 silvis,
357 1760 480 1818 comites
494 1762 615 1819 senioris
631 1764 779 1834 Acestae;

125 1860 205 1918 multi
220 1869 381 1935 praeterea,
396 1876 470 1933 quos
485 1858 563 1916 fama
576 1859 701 1943 obseura
715 1858 860 1919 recondit.

125 1960 240 2016 Aeneas
255 1957 362 2032 quibus
377 1957 405 2014 in
422 1955 528 2015 mediis
541 1956 583 2014 sic
599 1954 708 2013 deinde
723 1956 856 2013 locutus:

73 2058 99 2105 ἴ
165 2056 322 2130 ‘Accipite
337 2054 411 2112 haec
426 2054 538 2123 animis,
554 2053 701 2127 laetasque
716 2051 858 2111 advertite
874 2064 1007 2115 mentes:

126 2172 214 2212 nemo
229 2171 269 2211 ex
283 2152 341 2211 hoc
355 2169 478 2210 numero
493 2150 564 2207 mihi
578 2168 639 2208 non
654 2149 781 2208 donatus
796 2151 896 2212 abibit.

128 2251 240 2309 Gnosia
253 2250 324 2309 bina
338 2248 417 2307 dabo
431 2248 526 2305 levato
541 2246 639 2305 lucida
652 2247 729 2305 ferro

128 2349 237 2422 spicula
251 2348 453 2421 caelatamque
468 2355 589 2419 argento
604 2345 676 2402 serre
691 2344 871 2420 bipennem

128 2446 262 2504 omnibus
277 2445 325 2502 hic
340 2444 393 2501 erit
406 2462 481 2501 unus
497 2442 601 2500 honos.
643 2442 716 2500 Tres
730 2443 860 2517 praemia
875 2444 961 2518 primi

128 2543 282 2617 accipient,
297 2541 428 2615 flavaque
443 2549 533 2613 caput
547 2548 701 2597 nectentur
715 2540 800 2597 oliva

123 2639 238 2699 Primus
253 2656 362 2714 equum
378 2637 503 2713 phaleris
519 2636 663 2711 insignem
677 2637 771 2693 victor
785 2637 912 2710 habeto;

129 2736 196 2793 alter
208 2736 400 2794 Amazoniam
415 2735 581 2809 pharetram
597 2734 774 2808 plenamque
789 2734 901 2808 sagittis

128 2832 277 2904 Threiciis,
292 2833 350 2891 lato
365 2850 454 2907 quam
468 2832 579 2889 circum
593 2831 778 2905 amplectitur
791 2848 862 2889 auro

129 2928 247 3002 balteus,
263 2940 292 2988 et
306 2930 389 3014 tereti
403 2930 550 2987 subnectit
564 2928 654 2986 fibula
669 2946 807 3003 gemma;

130 3030 225 3087 tertius
241 3029 377 3105 Argolica
391 3028 447 3085 hac
461 3016 544 3103 galeb
559 3036 713 3085 contentus
730 3026 829 3084 abito)

168 3126 254 3183 Haec
270 3126 320 3185 ubi
334 3125 422 3197 dicta,
437 3126 536 3183 locum
552 3124 680 3199 capiunt,
698 3124 840 3199 signoque
855 3136 978 3199 repente

131 3224 287 3299 corripiunt
300 3224 394 3299 spatia
410 3222 519 3293 audito,
535 3223 684 3296 limenque
700 3222 876 3297 relinquunt,

132 3318 207 3377 effusi
221 3321 324 3379 nimbo
339 3320 456 3390 similes,
471 3319 557 3377 simul
571 3319 672 3377 ultima
689 3319 813 3394 signant.

133 3416 239 3477 Primus
252 3418 314 3476 abit
327 3417 473 3491 longeque
489 3426 556 3473 ante
571 3416 671 3473 omnia
686 3433 810 3490 corpora
826 3418 916 3476 Nisus

134 3514 242 3587 emicat,
258 3524 288 3573 et
301 3515 394 3573 ventis
410 3524 440 3571 et
453 3513 581 3571 fulminis
596 3513 679 3571 ocior
692 3513 744 3570 alis
756 3532 764 3584 ;

134 3626 285 3682 proxumus
300 3612 377 3682 huic,
392 3611 481 3685 longo
496 3609 549 3667 sed
564 3627 723 3684 proxumus
737 3610 896 3683 intervallo,

135 3704 287 3783 insequitur
300 3709 410 3781 Salius;
432 3708 527 3782 spatio
541 3716 609 3781 post
623 3704 734 3765 deinde
747 3707 850 3766 relicto

271 3838 304 3875 Μ
314 3838 324 3871 1
334 3839 414 3883 hiatus
428 3834 556 3893 suspected
566 3835 597 3892 by
606 3834 637 3881 R.
739 3832 773 3867 ⁸¹²
782 3836 989 3892 circumplecriw.
1007 3838 1040 3883 H.
