2834 4292
167 327 331 394 EchssI]
545 318 830 384 Pkamaceutria.

165 511 217 561 aut
231 503 363 575 Tmaros,
378 511 428 561 aut
441 502 599 580 Rbodope,
615 514 665 562 aut
679 504 801 562 extremi
815 505 1017 578 Garamantes,

165 617 223 658 nec
237 600 352 675 generis
366 600 457 659 nostri
470 619 593 676 puerum
607 619 663 659 uec
678 600 826 677 sanguinis
841 601 942 660 edunt

207 697 311 773 Incipe
326 698 489 756 Maenalios
501 716 629 770 mecum,
644 715 711 756 mea
724 699 803 770 tibia,
817 717 926 757 versus.

164 795 273 854 Saevus
287 796 379 854 Am0r
392 794 494 854 docuit
506 805 641 854 natorum
654 797 795 872 sanguine
809 806 932 856 matrem

164 893 379 950 commaculare
393 911 496 951 manus
507 913 516 966 ;
538 892 662 952 crudelis
676 903 707 951 tu
723 912 855 969 quoque„
864 904 975 954 mater:

164 988 292 1048 crudelis
306 999 399 1048 mater
412 991 512 1066 magis,
528 1009 566 1048 an
579 1009 653 1066 puer
667 991 818 1067 improbus
832 990 901 1049 ille?

164 1086 321 1161 Improbus
335 1087 382 1145 ille
392 1103 489 1162 ’puer3
510 1087 635 1146 crudelis
651 1097 683 1146 tu
698 1105 825 1163 quoque,
839 1098 941 1147 mater.

206 1183 311 1259 Incipe
325 1185 489 1243 Maenalios
502 1203 629 1257 mecum,
644 1203 712 1244 mea
725 1185 804 1257 tibia,
817 1203 925 1244 versus.

163 1282 253 1339 Nunc
269 1291 299 1339 et
308 1282 370 1340 ovis
384 1283 458 1341 ultro
473 1283 562 1359 fugiat
574 1283 678 1359 lupus;
700 1301 788 1341 aurea
800 1282 891 1341 durae

163 1378 241 1436 mala
254 1379 347 1436 serant
361 1397 484 1454 quercus
491 1400 500 1452 ;
521 1381 650 1439 narcisso
664 1379 766 1438 floreat
778 1380 881 1454 alnus3

163 1476 283 1552 pinguia
296 1477 454 1536 corticibus
468 1476 576 1536 sudent
588 1477 697 1536 electra
710 1478 856 1553 myricae3

163 1583 278 1631 certent
291 1583 322 1631 et
336 1575 436 1650 cycnis
449 1575 544 1632 ululae
555 1595 564 1648 3
585 1575 623 1633 sit
635 1575 752 1651 Tityrus
766 1575 912 1650 Orpheus,

163 1671 300 1746 Orpheus
314 1671 345 1729 in
359 1671 445 1743 silviS,
459 1673 535 1730 inter
548 1671 702 1748 delphInas
716 1672 816 1732 Arion.

204 1769 308 1844 Incipe
323 1770 486 1827 Maenalios
501 1787 627 1841 mecum,
642 1787 710 1827 mea
722 1770 802 1842 tibia,
816 1788 924 1830 versus.

162 1865 273 1924 Omnia
285 1865 332 1924 vel
346 1865 477 1924 medium
489 1867 561 1924 fiant
574 1885 653 1925 mare
666 1888 672 1926 :
694 1867 791 1939 vivite,
806 1868 893 1926 silvae
906 1871 914 1928 l

162 1963 309 2038 Praeceps
323 1963 393 2022 sirii
407 1963 528 2038 specula
541 1962 579 2021 de
594 1963 700 2022 montis
714 1965 745 2022 in
759 1964 853 2023 undas

161 2059 295 2132 deferar3
317 2070 478 2118 extremum
492 2059 550 2118 hoc
564 2079 669 2118 munus
682 2061 833 2120 morientis
847 2062 966 2122 habeto,

161 2156 274 2214 Desine
290 2157 463 2228 Maenalios,
477 2157 536 2216 iam
550 2155 661 2229 desine,
676 2158 755 2230 tibia,
769 2177 878 2217 versus.

202 2253 290 2312 Haec
306 2255 443 2312 Damon:
464 2272 526 2326 vos,
542 2273 616 2330 quae
632 2255 815 2331 responderit
828 2256 1052 2332 Alphesiboeus,

160 2350 262 2422 dicite,
278 2351 407 2409 Pierides
418 2371 427 2424 ;
449 2369 510 2410 non
524 2353 625 2410 onmia
637 2370 792 2427 possumus
806 2372 920 2412 omnes.

158 2450 200 2507 A.
229 2447 310 2506 Effer
322 2467 437 2524 aquam,
453 2457 483 2506 et
496 2449 577 2507 molli
590 2449 676 2524 cinge
691 2450 765 2507 haec
779 2450 878 2508 altaria
890 2451 969 2522 vitta,

158 2545 361 2620 verbenasque
375 2545 462 2604 adole
476 2545 591 2621 pinguis
606 2555 636 2604 et
649 2547 779 2604 mascula
791 2556 863 2620 tura,

160 2643 293 2718 coniugis
308 2651 340 2700 ut
353 2643 473 2718 magicis
487 2661 575 2700 sanos
589 2653 718 2702 avertere
732 2645 820 2702 sacris

159 2739 295 2814 experiar
309 2757 410 2797 sensus
423 2761 429 2797 :
451 2739 523 2796 nihil
537 2739 585 2797 hic
599 2741 654 2797 nisi
669 2741 799 2798 carmina
812 2741 927 2801 desunt.

159 2836 269 2894 Ducite
284 2835 321 2894 ab
335 2836 407 2894 urbe
422 2835 552 2908 domum,
567 2855 635 2894 mea
649 2839 786 2909 carmina,
801 2837 900 2898 ducite
915 2839 1074 2915 Daphnim.

200 2933 340 2992 Carmina
351 2933 399 2991 vel
412 2934 496 2992 caelo
510 2943 633 3010 possunt
646 2934 796 2993 deducere
811 2937 923 2994 Lunam
935 2957 944 3009 ;

158 3029 336 3088 carminibus
351 3030 436 3088 Circe
451 3031 548 3089 socios
563 3032 684 3089 mutavit
697 3033 795 3104 Ulixi;

157 3126 279 3202 frigidus
294 3127 323 3185 in
337 3127 425 3203 pratis
440 3127 589 3186 cantando
604 3129 747 3205 rumpitur
759 3131 870 3206 anguis.

158 3223 269 3282 Ducite
282 3223 320 3282 ab
334 3225 405 3283 urbe
420 3223 552 3297 domum,
567 3244 634 3284 mea
648 3226 785 3298 carmina,
801 3227 899 3286 ducite
914 3227 1074 3303 Daphnim.

198 3322 297 3378 Tema
310 3321 361 3379 tibi
375 3321 449 3380 haec
463 3322 590 3397 primum
603 3323 708 3398 triplici
714 3323 838 3382 ‘diversa
852 3325 950 3383 colore

155 3417 224 3475 licia
238 3417 399 3490 circumdo,
415 3428 517 3493 terque
532 3419 605 3477 haec
621 3421 721 3478 altaria
734 3421 845 3480 circum

58 3513 60 3516 ’
157 3515 286 3590 effigiem
300 3514 398 3574 duco:
420 3533 543 3574 numero
557 3515 631 3574 deus
645 3517 756 3592 impare
769 3517 886 3593 gaudet.

156 3612 266 3670 Ducite
281 3613 319 3670 ab
333 3613 404 3670 urbe
419 3611 551 3684 domum,
565 3631 632 3671 mea
646 3615 784 3686 carmina,
800 3614 899 3674 ducite
914 3617 1074 3693 Daphnim.

214 3733 238 3766 ⁴⁸
249 3734 425 3780 commaculare.
441 3735 470 3781 R.
528 3732 550 3768 ⁵⁰
561 3734 668 3782 omitted.
682 3734 712 3782 R.
770 3735 793 3769 ⁵⁸
801 3737 856 3794 fiat.
872 3738 899 3784 R.

214 3807 239 3840 ⁴⁹
249 3813 280 3854 at.
297 3807 326 3855 R.
771 3810 794 3843 ⁶⁸
804 3812 918 3869 Daphnin
930 3813 968 3872 (as
978 3815 1086 3872 always).
1109 3816 1140 3860 ll.
