2834 4292
111 329 227 395 1V.5o.]
402 320 492 383 Dido
513 319 682 403 Confesses
704 321 767 385 lter
787 323 884 387 Leve.

111 514 274 580 postquam
288 504 398 581 primus
413 524 495 563 amor
509 506 667 581 deceptam
682 516 776 565 morte
790 508 909 578 fefellit3

111 604 136 659 si
151 621 215 660 non
230 612 397 679 pertaesum
410 604 530 661 thalami
545 604 711 679 taedaeque
725 605 835 678 fuisset,

111 700 183 758 huie
199 701 250 758 uni
264 700 361 758 forsan
376 702 458 775 potui
473 701 666 759 succumbere
681 703 795 777 culpae.

109 800 210 868 Arma,
225 797 338 855 fatebor
351 798 439 869 enim,
454 798 552 857 miseri
565 808 634 873 post
647 798 707 856 fata
720 800 845 874 Sychaei

109 895 249 969 coniugis
264 903 294 951 et
307 912 422 969 sparsos
435 895 561 952 fraterna
574 894 667 953 caede
684 898 814 969 Penatis,

109 993 194 1049 solus
209 992 257 1049 hic
271 992 382 1049 inflexit
395 1010 507 1063 sensus,
523 994 714 1069 animumque
729 995 878 1053 labantem

78 1089 249 1169 fflulit:
271 1089 422 1165 adgnosco
436 1092 541 1149 veteris
555 1092 675 1166 vestigia
688 1092 834 1151 flammae.

109 1187 173 1246 Sed
188 1187 261 1248 mihi
274 1188 320 1245 vel
333 1189 416 1245 tellus
430 1198 531 1263 optem
545 1189 624 1263 prius
639 1190 698 1247 ima
712 1190 854 1262 dehiscat,

109 1286 158 1343 vel
174 1288 262 1343 Pater
275 1286 463 1360 omnipotens
479 1285 577 1361 adigat
591 1305 639 1343 me
654 1288 776 1346 fulmine
791 1287 830 1345 ad
844 1288 971 1362 umbras,

109 1383 249 1458 pallentis
263 1383 380 1440 umbras
396 1383 484 1441 Erebi
499 1393 679 1458 noctemque
694 1384 882 1459 profundam,

108 1490 193 1551 ante,
211 1479 319 1551 Pudor,
334 1498 423 1554 quam
437 1490 467 1538 te
482 1481 569 1551 violo,
586 1491 636 1539 aut
649 1490 700 1539 tua
713 1481 776 1539 iura
788 1481 912 1541 resolvo.

111 1578 165 1636 Ille
181 1595 278 1646 meos,
293 1577 402 1651 primus
416 1578 468 1652 qui
482 1596 529 1635 me
544 1579 599 1636 sibi
613 1580 715 1649 iunxit,
730 1596 845 1637 amores

109 1674 253 1746 abstulit;
275 1674 322 1731 ille
336 1674 443 1732 habeat
458 1693 560 1733 secum
574 1684 728 1749 servetque
742 1674 919 1750 sepulchro?

110 1774 159 1831 Sic
175 1771 265 1830 effata
279 1772 375 1829 sinum
389 1772 513 1829 lacrimis
528 1772 659 1848 implevit
673 1772 795 1831 obortis.

150 1872 244 1927 Anna
257 1869 362 1927 refert:
386 1869 433 1927 ‘O
447 1868 513 1925 luce
528 1870 620 1943 magis
635 1869 744 1927 dilecta
758 1868 860 1943 sorori,

109 1968 217 2025 solane
232 1976 374 2041 perpetua
387 1983 521 2023 maerens
537 1984 657 2041 carpere
672 1967 799 2037 iuventa,

108 2084 169 2122 nec
184 2063 282 2121 dulcis
295 2073 390 2133 natos,
403 2063 527 2120 Veneris
541 2080 597 2120 nec
611 2064 743 2138 praemia
754 2063 856 2122 noris?

110 2162 149 2219 Id
164 2162 299 2219 cinerem
313 2168 364 2218 aut
377 2160 475 2218 Manis
490 2159 584 2217 credis
599 2178 698 2218 curare
714 2162 865 2235 sepultos?

111 2260 208 2317 Esto:
232 2275 348 2331 aegram
362 2256 432 2315 nulli
446 2257 598 2331 quondam
611 2257 719 2315 flexere
733 2258 838 2330 mariti,

108 2376 173 2415 non
190 2355 311 2431 Libyae,
326 2373 388 2411 non
401 2364 469 2412 ante
483 2355 581 2429 Tyro;
603 2353 761 2430 despectus
777 2356 877 2415 Iarbas

110 2454 313 2527 ductoresque
328 2451 385 2523 alii,
400 2469 474 2527 quos
488 2450 586 2509 Africa
599 2460 675 2509 terra
687 2453 841 2527 triumphis

111 2552 197 2610 dives
212 2550 281 2608 alit:
304 2542 557 2624 placitone‘etiam
572 2550 716 2623 pugnabis
729 2551 843 2609 amori?

111 2651 182 2713 Nec
197 2648 322 2705 venitin
336 2656 476 2719 mentem,
492 2664 617 2721 quorum
632 2646 802 2705 consederis
816 2647 913 2707 arvis?
947 2655 949 2658 ’

112 2748 199 2809 Hine
215 2744 357 2804 Gaetulae
371 2745 468 2815 urbes,
484 2762 576 2819 genus
591 2744 786 2819 insuperabile
800 2746 888 2817 bello,

111 2854 142 2903 et
158 2842 311 2903 Numidae
326 2842 430 2900 infreni
445 2842 567 2917 cingunt
581 2850 610 2899 et
624 2842 773 2915 inhospita
786 2842 894 2919 Syrtim

112 2942 184 3003 hinc
200 2940 317 2999 deserta
330 2940 377 2997 siti
390 2940 481 3015 regio,
495 2939 613 3013 lateque
627 2938 755 2997 furentes
916 3015 920 3019 h

112 3038 249 3101 Barcaei.
291 3036 373 3111 Quid
386 3036 464 3095 bella
477 3038 556 3112 Tyro
571 3035 717 3111 surgentia
731 3034 840 3107 dicam,

113 3134 307 3211 germanique
321 3134 437 3191 minas?

115 3235 169 3291 Dis
184 3231 325 3307 equidem
339 3230 505 3305 auspicibus
519 3248 586 3288 reor
600 3239 630 3287 et
644 3231 761 3289 Iunone
775 3229 906 3288 secunda

114 3330 195 3388 bunc
209 3347 328 3387 cursum
343 3328 446 3387 Iliacas
461 3338 549 3385 vento
564 3328 692 3386 tenuisse
707 3329 828 3385 carinas.

116 3428 215 3501 Quam
229 3435 262 3483 tu
276 3426 388 3497 urbem,
403 3444 493 3497 soror,
509 3426 586 3483 hanc
600 3444 712 3499 cernes,
727 3444 803 3501 quae
818 3442 935 3501 surgere
948 3444 1039 3503 regna

116 3523 255 3598 coniugio
270 3523 338 3581 tali!
379 3524 528 3581 Teucrum
543 3523 749 3581 comitantibus
764 3523 850 3581 armis

118 3622 229 3679 Punica
243 3638 274 3677 se
290 3621 405 3697 quantis
420 3620 532 3678 attollet
545 3620 637 3695 gloria
650 3620 757 3678 rebus!

117 3718 163 3775 Tu
176 3716 270 3776 modo
285 3734 376 3791 posce
391 3716 464 3775 deos
477 3717 602 3789 veniam,
618 3715 767 3791 sacrisque
781 3717 868 3775 litatis

349 3844 475 3906 ¹⁹fhrsam.
491 3844 519 3892 R.
780 3844 898 3890 ²⁸Ercbo.
914 3846 942 3891 R.
