2834 4292
232 320 290 399 148
665 335 695 383 v.
724 317 836 401 serry.

227 501 385 561 coniciunt.
428 502 509 561 Furit
522 502 656 561 immissis
669 504 817 561 Volcanus
831 502 952 563 habenis

226 608 348 657 transtra
361 616 413 675 per
427 610 456 658 et
470 618 567 659 remos
583 610 612 657 et
626 600 720 675 pictas
735 600 831 658 abiete
845 619 969 676 puppes.

267 696 393 754 Nuntius
408 696 553 754 Anchisae
568 696 606 753 ad
620 697 765 754 tumulum
779 714 949 772 cuneosque
962 696 1068 756 theatri

226 794 359 852 incensas
374 793 479 869 perfert
492 810 581 851 naves
596 794 745 865 Eumelus,
760 804 790 852 et
804 795 859 870 ipsi

225 890 383 965 respiciunt
397 900 487 947 atram
502 889 530 949 in
546 890 647 948 nimbo
661 890 781 949 volitare
795 892 930 950 favillam.
945 972 949 976 ,

226 988 337 1045 Primus
352 996 381 1044 et
395 986 545 1057 Ascanius,
560 1004 660 1045 cursus
675 996 707 1045 ut
721 988 813 1046 laetus
826 999 975 1064 equestres

225 1082 362 1155 ducebat,
376 1082 418 1140 sic
433 1100 500 1140 acer
514 1100 592 1157 equo
606 1083 721 1141 turbata
733 1085 835 1159 petivit

225 1190 328 1251 castra,
343 1196 400 1237 nec
414 1178 562 1237 exanimes
576 1190 699 1255 possunt
713 1182 838 1239 retinere
851 1182 987 1257 magistri.

225 1277 317 1352 ‘Quis
331 1276 409 1334 furor
422 1276 475 1334 iste
490 1278 604 1335 novus?
645 1277 714 1351 Quo
728 1296 817 1350 nunc,
832 1297 892 1354 quo
906 1279 1034 1338 tenditis'
1050 1280 1152 1356 inquit,

225 1375 309 1446 ‘heu‚
323 1374 445 1433 miserae
461 1374 560 1432 cives?
601 1374 671 1433 Non
686 1375 800 1433 hostem
816 1376 991 1452 inimicaque
1006 1388 1101 1436 castra

224 1472 371 1547 Argivum,
386 1481 493 1529 vestras
508 1489 576 1546 spes
590 1472 678 1530 uritis.
722 1474 779 1544 En,
795 1491 851 1548 ego
864 1483 960 1532 vester

223 1569 365 1627 Ascanius
378 1570 403 1626 l'
445 1569 568 1627 Galeam
582 1578 649 1627 ante
664 1569 757 1644 pedes
771 1572 895 1645 proiecit
908 1572 1034 1645 inanem,

223 1685 281 1742 qua
295 1665 366 1724 ludo
380 1665 498 1724 indutus
512 1666 579 1725 belli
593 1667 747 1725 simulacra
760 1668 876 1740 ciebat3

224 1764 368 1821 accelerat
382 1764 466 1822 simul
480 1766 604 1835 Aeneas,
620 1765 704 1823 simul
717 1765 836 1840 agmina
849 1766 1005 1825 Teucrum.

222 1864 276 1925 Ast
289 1860 353 1918 illae
368 1860 482 1919 diversa
495 1870 575 1919 metu
589 1878 642 1936 per
655 1862 740 1919 litora
753 1862 862 1937 passim

223 1960 386 2035 diffugiunt,
402 1959 544 2034 silvasque
559 1969 589 2017 et
603 1960 697 2018 sicubi
711 1978 842 2018 concava
855 1960 953 2019 furtim

224 2077 293 2116 saxa
305 2065 410 2133 petunt
421 2078 429 2130 3
451 2058 531 2133 piget
545 2058 655 2133 incepti
668 2057 809 2133 lucisque,
824 2076 951 2133 suosque

222 2166 350 2214 mutatae
364 2155 557 2231 adgnoscunt,
572 2172 751 2230 excussaque
766 2164 886 2231 pectore
902 2157 977 2214 luno
990 2164 1044 2214 est.

223 2254 282 2313 Sed
296 2272 356 2313 non
372 2253 483 2312 idcirco
498 2252 632 2309 flammae
647 2262 735 2327 atque
749 2252 886 2311 incendia
898 2253 973 2311 vires
1074 2317 1078 2321 ,

223 2352 379 2411 indomitas
395 2367 518 2427 posuere
529 2371 538 2423 ;
559 2348 619 2408 udo
634 2350 689 2408 sub
702 2350 808 2409 robore
821 2351 891 2409 vivit

222 2462 329 2527 stuppa
341 2468 462 2509 vomens
476 2447 591 2506 tardum
605 2447 727 2518 fumum,
742 2447 896 2522 lentusque
910 2448 1021 2506 carinas

223 2560 267 2608 est
280 2567 378 2625 vapor,
394 2557 423 2606 et
438 2557 500 2606 toto
515 2544 671 2604 descendit
686 2563 809 2619 corpore
823 2547 922 2620 pestis,

222 2667 278 2706 nec
292 2648 367 2705 vires
381 2646 503 2704 heroum
517 2645 668 2718 infusaque
683 2642 803 2700 flumina
816 2652 948 2717 prosunt.

260 2748 337 2807 Tum
360 2745 424 2820 pius
445 2744 562 2799 Aeneas
583 2742 689 2797 umeris
704 2738 876 2797 abscindere
890 2749 1012 2812 vestem,

221 2842 385 2918 auxilioque
399 2858 505 2899 vocare
519 2839 601 2910 deos,
617 2846 646 2895 et
660 2836 782 2895 tendere
796 2836 925 2912 palmas:

223 2941 371 3016 ‘Iuppiter
386 2938 580 3012 omnipotens,
596 2936 620 2993 si
634 2934 768 2992 nondum
783 2953 888 2992 exosus
902 2932 942 2992 ad
955 2952 1047 2993 unum

220 3038 371 3108 Troianos,
387 3036 411 3093 si
425 3033 498 3109 quid
511 3035 603 3109 pietas
618 3033 738 3107 antiqua
751 3031 865 3089 labores

219 3134 337 3211 respicit
351 3133 503 3204 humanos,
517 3131 557 3189 da
570 3130 719 3189 flammam
734 3128 858 3187 evadere
872 3128 957 3187 classi

220 3250 309 3303 nunc,
325 3233 417 3301 Pater,
433 3238 463 3287 et
477 3238 579 3287 tenues
592 3229 741 3286 Teucrum
754 3245 800 3285 res
815 3227 895 3303 eripe
908 3226 977 3313 leto.

219 3329 329 3401 Velm,
345 3327 426 3403 quod
440 3336 572 3401 superest
585 3326 691 3384 infesto
705 3323 824 3382 fulmine
840 3324 935 3397 morti,

220 3427 242 3485 si
257 3444 380 3498 mereor,
396 3424 527 3497 demitte,
542 3435 649 3500 tuaque
664 3422 712 3480 hic
727 3422 818 3480 obrue
832 3420 954 3485 dextra!

218 3524 276 3581 Vix
289 3523 363 3581 haec
378 3522 518 3593 ediderat,
534 3540 602 3580 cum
617 3520 714 3580 effusis
728 3520 868 3579 imbribus
882 3528 944 3577 atra

219 3630 377 3696 tempestas
392 3619 453 3678 sine
468 3636 549 3677 more
563 3619 638 3691 furit,
652 3618 820 3694 tonitruque
832 3625 1011 3677 tremescunt

219 3718 311 3778 ardua
324 3728 463 3777 terrarum
478 3725 507 3774 et
520 3716 637 3789 campi3
659 3716 715 3774 ruit
728 3716 846 3775 aethere
860 3725 924 3773 toto

450 3840 596 3898 ⁶⁸⁰stamma.
613 3841 640 3887 R.
857 3841 889 3874 Μ
899 3841 995 3887 exosu's.
1010 3840 1040 3887 R.
