2834 4292
181 253 222 334 56
450 269 471 318 1.
501 251 532 316 T
527 253 568 316 lae
589 253 753 337 Landing
771 253 809 317 in
830 253 959 337 Afn'ca.

178 433 318 494 incendat
330 434 471 511 reginam,
485 444 574 512 atque
588 436 701 496 ossibus
715 437 847 526 implicet
859 437 978 512 ignem3

179 533 289 608 quippe
304 531 426 590 domum
440 532 524 592 timet
537 533 705 608 ambiguam
718 535 880 610 Tyriosque
895 533 1051 610 bilinguis3

151 701 155 709 Ι
178 629 235 686 un't
248 637 331 686 atrox
345 630 431 700 Iun0,
446 639 476 686 et
489 629 544 688 sub
557 639 677 688 noctem
691 647 762 688 cura
772 640 909 689 recursat.

180 726 260 808 Ergo
274 725 318 784 his
332 725 471 806 aligerum
486 725 571 784 dictis
585 725 699 784 adfatur
712 729 871 786 Amorem:

221 821 268 879 ‘N
269 831 327 894 ate,
341 839 425 880 meae
439 821 522 894 vires,
537 840 604 880 mea
617 841 725 898 magna
736 823 869 897 potentia
882 823 970 895 solus,

179 928 257 990 nate,
273 917 362 994 patris
376 919 483 976 summi
496 919 547 994 qui
560 919 618 976 tela
631 908 767 1006 Typlroib
775 901 895 992 demnis,

180 1015 218 1074 ad
232 1025 262 1074 te
277 1015 415 1090 confugio
429 1026 459 1073 et
472 1015 596 1091 supplex
608 1025 659 1076 tua
673 1017 795 1075 numina
807 1033 911 1091 posco.

181 1114 281 1171 Frater
294 1121 326 1172 ut
339 1115 454 1170 Aeneas
469 1112 574 1188 pelago
587 1121 654 1172 tuus
667 1112 769 1172 omnia
781 1114 894 1173 circum

179 1209 265 1268 litora
277 1209 399 1268 iactetur
412 1207 487 1267 odiis
502 1209 624 1268 Iunonis
637 1209 765 1284 iniquae,

180 1317 251 1365 nota
263 1307 325 1378 tibi,
340 1316 370 1364 et
383 1314 483 1364 nostro
497 1304 614 1364 doluisti
628 1324 717 1382 saepe
732 1306 844 1366 dolore.

182 1405 274 1462 Hunc
290 1403 449 1462 Phoenissa
462 1413 543 1461 tenet
558 1402 639 1461 Dido
653 1403 826 1478 blandisque
842 1413 969 1464 moratur

180 1501 321 1574 vocibus;
343 1509 373 1560 et
385 1517 496 1572 vereor,
511 1517 572 1576 quo
585 1517 617 1558 se
633 1501 760 1559 lunonia
773 1511 886 1561 vertant

181 1597 326 1673 hospitia,
348 1595 426 1655 haud
440 1605 521 1655 tanto
536 1597 662 1656 cessabit
676 1597 796 1678 cardine
812 1616 919 1658 rerum.

182 1694 331 1778 Quocirca
344 1712 449 1770 capere
463 1703 531 1752 ante
546 1692 621 1752 dolis
635 1703 665 1752 et
679 1694 797 1770 cingere
813 1695 932 1754 flamma

181 1791 310 1867 reginam
321 1790 456 1862 meditor,
469 1809 507 1849 ne
521 1808 581 1867 quo
595 1808 627 1850 se
641 1791 763 1850 numine
777 1800 881 1864 mutet,

182 1888 235 1947 sed
249 1905 359 1964 magno
373 1891 492 1946 Aeneae
506 1904 625 1946 mecum
638 1897 773 1946 teneatur
786 1907 896 1948 amore.

183 1985 251 2060 Qua
263 1986 359 2044 iacere
374 1984 405 2043 id
419 1983 522 2059 possis,
536 1993 666 2043 nostram
679 2003 759 2044 nunc
775 1986 878 2062 accipe
893 1995 1032 2046 mentem.

183 2082 293 2157 Regius
308 2081 404 2161 accitu
419 2081 477 2138 cari
492 2081 629 2156 genitoris
644 2081 683 2140 ad
697 2082 801 2140 urbem

183 2179 333 2238 Sidoniam
346 2196 420 2254 puer
433 2179 473 2236 ire
488 2188 579 2253 parat,
593 2197 660 2237 mea
674 2179 802 2237 maxima
816 2198 895 2251 cura,

183 2275 262 2336 dona
275 2277 380 2348 ierenS,
395 2276 500 2352 pelago
514 2285 544 2334 et
558 2276 681 2334 flammis
692 2277 830 2335 restantia
842 2277 967 2335 Troiae:

183 2374 263 2432 hunc
276 2391 332 2448 ego
347 2374 475 2458 sopitum
490 2391 595 2432 somno
611 2391 698 2448 super
711 2374 770 2431 alta
783 2373 912 2448 Cythera

183 2481 232 2530 aut
246 2489 333 2546 super
348 2469 473 2562 Idalium
487 2479 598 2528 sacrata
611 2468 682 2528 sede
696 2469 867 2540 recondam,

182 2588 221 2628 ne
235 2587 294 2644 qua
307 2569 380 2626 scire
396 2566 480 2626 dolos
497 2566 647 2625 mediusve
663 2584 817 2624 occurrere
830 2567 938 2642 possit:

118 2740 121 2750 1
183 2670 229 2727 Tu
243 2667 348 2726 faciem
362 2667 435 2724 illius
450 2675 570 2725 noctem
586 2683 648 2724 non
661 2663 785 2740 amplius
800 2682 890 2722 unam

182 2767 248 2824 salle
263 2765 343 2859 dolo,
358 2774 387 2822 et
400 2773 486 2822 notos
501 2764 584 2839 pueri
598 2780 671 2838 puer
684 2762 775 2820 indue
788 2761 892 2832 voltus,

183 2874 224 2936 ut,
240 2882 308 2922 cum
322 2872 351 2921 te
366 2862 477 2938 gremio
491 2861 617 2937 accipiet
631 2859 787 2918 laetissima
800 2857 883 2917 Dido

183 2961 286 3037 regalis
301 2961 375 3046 inter
388 2977 504 3018 mensas
518 2957 695 3033 laticemque
712 2957 851 3031 Lyaeum,

184 3078 253 3118 cum
267 3057 349 3117 dabit
362 3058 512 3132 amplexus
527 3065 614 3131 atque
630 3055 731 3115 oscula
743 3053 843 3112 dulcia
856 3053 936 3128 figet,

183 3156 333 3215 occultum
346 3153 467 3230 inspires
481 3153 579 3228 ignem
593 3153 732 3228 fallasque
746 3154 882 3210 veneno)

226 3231 310 3311 Paret
323 3253 415 3308 Amor
428 3249 514 3308 dictis
529 3267 613 3308 carae
629 3249 793 3325 genetricis,
808 3259 839 3307 et
852 3249 912 3307 alas

185 3349 273 3430 expit,
288 3357 317 3406 et
330 3365 429 3424 gressu
444 3346 575 3422 gaudens
588 3345 701 3405 incedit
716 3346 781 3404 Iuli.

185 3449 223 3504 At
236 3447 336 3503 Venus
351 3443 477 3503 Ascanio
491 3443 637 3519 placidam
652 3461 705 3518 per
719 3444 852 3502 membra
866 3442 996 3519 quietem

185 3543 296 3617 inrigat,
311 3551 341 3600 et
354 3541 448 3622 fotpm
462 3540 573 3616 gremio
588 3539 645 3598 dea
658 3540 734 3600 tollit
746 3539 776 3597 in
790 3540 865 3600 altos

185 3638 295 3698 Idaliae
309 3638 400 3718 lucca,
415 3638 466 3698 ubi
479 3637 573 3697 mollis
587 3655 737 3698 amaracus
752 3636 832 3695 illum

1108 261 1233 326 [AEnarn.

1189 436 1236 480 ⁶60

291 3764 326 3802 ωε
342 3766 451 3826 rapam.
468 3767 495 3814 a
669 3766 702 3802 ατο
714 3766 792 3812 nm.
808 3765 837 3812 a
1011 3763 1092 3813 were.
1107 3765 1136 3814 n
