2834 4292
267 298 328 361 144

261 466 443 541 signavitque
457 466 535 525 viam
549 464 683 535 flammis,
697 464 851 539 tenuisque
865 462 986 522 recessit

261 572 437 639 consumpta
450 564 479 621 in
495 572 597 621 ventos
610 582 617 631 ;
640 562 724 619 caelo
738 578 795 618 ceu
807 578 897 636 saepe
910 560 1002 617 refixa

209 670 456 743 *utranscurrunt
469 660 640 734 crinemque
653 658 783 716 volantia
796 656 891 715 sidera
905 655 1027 715 ducunt.

260 758 397 817 Attonitis
412 757 532 815 haesere
546 755 659 825 animis,
674 771 853 829 superosque
867 753 978 829 precati

258 854 399 912 Trinacrii
413 853 578 927 Teucrique
593 852 644 909 viri
656 872 663 922 ;
686 869 743 909 nec
757 850 901 908 maximus
914 868 1005 907 omen

259 951 360 1009 abnuit
374 953 509 1022 Aeneas3
532 948 585 1007 sed
599 949 709 1007 laetum
724 948 874 1023 amplexus
888 950 1017 1005 Acesten

259 1048 426 1106 muneribus
442 1048 571 1105 cumulat
584 1046 706 1121 magnis,
722 1064 758 1103 ac
772 1046 840 1102 talia
852 1046 944 1103 satur:

299 1145 413 1215 ‘Sume,
429 1155 530 1220 pater3
551 1161 620 1201 narn
635 1152 665 1200 te
679 1143 770 1201 voluit
783 1160 835 1199 rex
849 1160 971 1216 maguus
986 1140 1108 1216 Olympi

257 1242 361 1300 talibus
376 1242 513 1316 auspiciis
529 1250 675 1298 exsortem
689 1238 799 1297 ducere
814 1222 950 1306 honorer'.

258 1339 353 1414 Ipsius
367 1338 512 1397 Anchisae
527 1337 660 1413 longaevi
675 1336 734 1395 hoc
748 1354 855 1393 munus
869 1335 1000 1406 habebis,

256 1444 368 1493 cratera
382 1436 554 1511 impressum
569 1434 667 1509 signis,
682 1451 773 1507 quern
786 1433 813 1489 Τ
813 1432 927 1489 hracius
940 1432 1013 1490 olim

255 1532 402 1591 Anchisae
415 1532 538 1607 genitori
554 1532 584 1589 in
598 1548 705 1605 magno
721 1547 842 1587 munere
856 1529 975 1587 Cisseus

255 1629 329 1687 serre
343 1628 387 1687 sui
402 1627 525 1687 dederat
539 1636 764 1687 monumentum
778 1637 808 1683 et
822 1626 926 1701 pignus
939 1625 1067 1684 amoris!

255 1727 303 1786 Sic
317 1726 393 1784 latus
408 1726 498 1801 cingit
511 1725 647 1784 viridanti
661 1733 795 1799 tempora
808 1724 900 1794 lauro,

255 1833 286 1882 et
298 1824 424 1899 primurn
440 1833 507 1881 ante
522 1840 625 1880 omnes
638 1822 782 1878 victorem
797 1820 924 1895 appellat
938 1823 1075 1878 Acesten.

255 1921 322 1978 Nec
335 1919 431 1978 bonus
446 1920 588 1995 Eurytion
602 1918 732 1993 praelato
747 1916 849 1974 invidit
863 1915 976 1987 honori,

254 2018 387 2092 quamvis
402 2017 480 2075 solus
495 2034 578 2073 avem
594 2015 678 2072 caelo
692 2012 800 2071 deiecit
814 2014 852 2071 ab
867 2014 937 2072 alto.

255 2113 406 2171 Proximus
421 2111 580 2188 ingreditur
594 2110 689 2182 donis,
705 2111 756 2185 qui
770 2110 885 2167 vincula
897 2110 994 2185 rupit;

254 2220 409 2281 extremus,
423 2209 534 2267 volucri
549 2210 598 2284 qui
613 2208 674 2265 lixit
688 2206 831 2265 arundine
844 2207 963 2264 malum.

293 2310 332 2366 At
346 2316 429 2383 pater
443 2310 568 2378 Aeneas,
584 2304 720 2364 nondum
735 2305 893 2362 certamine
909 2305 1007 2375 misso,

254 2404 408 2463 custodem
422 2403 462 2462 ad
477 2421 541 2461 sese
556 2404 755 2476 comitemque
769 2401 896 2476 impubis
913 2401 969 2459 Iuli

254 2500 403 2578 Epytiden
417 2510 513 2573 vocat,
528 2510 558 2558 et
571 2499 662 2557 fidam
679 2499 721 2556 sic
735 2499 810 2586 lptur
823 2497 862 2556 ad
876 2516 995 2556 aurem:

254 2598 355 2658 ‘Vade
371 2617 434 2675 age,
451 2608 482 2656 et
495 2597 631 2668 Ascanio,
646 2596 670 2653 si
686 2596 744 2653 iam
759 2596 870 2670 puerile
885 2605 1017 2670 paratum

254 2715 359 2773 agmen
374 2697 463 2756 habet
478 2714 588 2766 secum,
604 2710 763 2767 cursusque
779 2693 911 2750 iustruxit
925 2710 1077 2766 equomm,

252 2795 342 2853 ducat
357 2813 412 2853 avo
427 2804 543 2863 turmas,
560 2802 590 2848 et
604 2808 668 2849 sese
683 2788 820 2847 ostendat
835 2789 974 2859 inarmis,

253 2892 320 2950 dic’
334 2891 384 2949 ait.
427 2891 496 2963 Ipse
512 2907 632 2947 ornnem
646 2889 736 2961 longo
751 2886 897 2943 decedere
913 2886 992 2945 circo

213 3027 215 3035 ·
253 2989 379 3047 inlusum
393 2986 544 3061 populum,
560 2994 590 3042 et
604 3002 726 3059 campos
741 2984 822 3042 iubet
836 3000 900 3041 esse
916 2993 1058 3058 patentes.

294 3083 442 3143 Incedunt
454 3083 545 3158 pueri,
561 3083 724 3157 pariterque
742 3092 809 3139 ante
824 3099 876 3139 ora
889 3092 1043 3157 parentum

252 3181 368 3239 frenatis
382 3181 481 3239 lucent
495 3180 525 3238 in
541 3180 631 3255 equis,
650 3197 725 3254 quos
739 3179 836 3237 omnis
850 3189 953 3238 euntes

252 3279 419 3338 Trinacriae
434 3278 537 3336 mirata
549 3278 645 3336 fremit
661 3277 826 3351 Troiaeque
841 3278 983 3336 iuventus.

253 3375 397 3436 Omnibus
412 3376 441 3434 in
456 3394 568 3433 morem
583 3385 668 3433 tonsa
684 3394 771 3434 coma
784 3394 883 3451 pressa
897 3394 1025 3451 corona3

253 3491 361 3531 comea
374 3474 444 3532 bina
456 3474 552 3533 ierunt
566 3474 693 3550 praelixa
707 3473 819 3531 hastilia
833 3475 928 3547 ferr03

253 3590 318 3647 pars
339 3571 410 3628 levis
431 3586 533 3627 umero
557 3572 724 3646 pharetras,
748 3571 903 3646 irpectore
918 3592 1034 3634 summo

253 3667 353 3725 flexilis
368 3667 475 3726 obtorti
490 3685 543 3743 per
558 3668 665 3727 collum
681 3668 806 3729 circulus
821 3671 891 3729 auri.

455 3794 487 3828 ⁶⁴¹
497 3796 591 3840 honore·
606 3795 635 3841 R·
893 3796 927 3833 ⁸⁶¹
938 3798 1061 3847 dr'scedm.
1077 3800 1107 3847 R.
1152 3818 1158 3827 ’
