2834 4292
224 304 284 386 136
657 320 688 367 v.
716 302 830 385 Sicily.
913 334 917 339 -

218 508 296 563 acer,
309 488 580 573 anhelanti-similis,
595 506 683 565 quem
698 506 822 563 praepes
832 488 870 546 ab
885 487 941 547 Ida

218 589 372 647 sublimem
386 588 511 664 pedibus
525 587 620 662 rapuit
635 586 714 645 Iovis
727 587 852 660 armiger
864 586 967 653 uncis;

218 686 352 761 longaevi
366 685 477 761 palmas
491 684 671 759 nequiquam
684 682 724 741 ad
737 681 835 740 sidera
848 681 972 741 tendunt

218 782 366 854 custodes,
381 782 528 856 saevitque
544 798 651 839 canum
664 780 782 839 latratus
796 780 827 837 in
840 796 932 837 auras.

218 881 258 937 At
272 880 322 955 qui
336 878 445 937 deinde
459 878 558 937 locum
572 877 665 936 tenuit
678 876 782 935 virtute
796 875 969 947 secundum,

218 975 329 1034 levibus
344 975 411 1033 huic
426 976 519 1033 hamis
532 984 698 1033 consertam
712 989 842 1047 auroque
856 973 981 1031 trilicem

218 1072 347 1144 loricam,
363 1090 452 1147 quam
468 1072 613 1130 Demoleo
627 1069 792 1129 detraxerat
806 1070 869 1145 ipse

219 1170 311 1228 victor
324 1168 403 1244 apud
417 1168 552 1244 rapidum
567 1168 716 1227 Simoenta
730 1170 785 1228 sub
800 1169 857 1227 Ilio
872 1169 941 1239 alto,

219 1265 310 1324 donat
325 1266 431 1323 habere
447 1266 515 1335 viro,
530 1264 622 1323 decus
636 1275 666 1323 et
679 1275 810 1323 tutamen
824 1266 855 1323 in
870 1267 964 1324 armis.

218 1364 276 1421 Vix
290 1364 368 1421 illam
382 1362 481 1421 famuli
496 1362 630 1439 Phegeus
645 1364 816 1439 Sagarisque
830 1364 962 1423 serebant

219 1461 419 1536 multiplicem,
442 1460 540 1519 conixi
564 1462 691 1534 umeris;
715 1462 834 1520 indutus
848 1473 879 1520 at
891 1463 962 1521 olim

221 1560 382 1617 Demoleos
396 1578 482 1617 cursu
497 1559 628 1635 palantes
642 1562 735 1618 Troas
749 1561 864 1635 agebat.

219 1659 318 1716 Tertia
332 1658 411 1716 dona
424 1658 493 1715 iacit
507 1659 641 1733 geminos
655 1676 692 1715 ex
705 1676 773 1715 aere
786 1659 906 1729 lebetas,

220 1757 395 1833 cymbiaque
409 1767 528 1830 argento
542 1756 673 1831 perfecta
686 1765 774 1831 atque
788 1772 891 1829 aspera
904 1756 1000 1831 signis.

262 1857 384 1930 lamque
399 1854 476 1912 adeo
491 1854 592 1912 donati
606 1872 710 1912 omnes
724 1854 888 1928 opibusque
902 1853 1019 1928 superbi

221 1953 353 2029 puniceis
367 1953 448 2011 ibant
462 1952 568 2009 evincti
583 1963 718 2026 tempora
731 1952 833 2023 taenis,

222 2068 290 2107 cum
304 2068 390 2107 saevo
406 2067 422 2106 e
437 2050 559 2124 scopulo
574 2048 665 2106 multa
678 2049 727 2105 vix
740 2058 800 2106 arte
815 2048 952 2123 revolsus,

221 2147 333 2204 amissis
346 2147 433 2204 remis
447 2156 535 2221 atque
549 2146 652 2205 ordine
667 2145 770 2204 debilis
784 2164 854 2219 uno,

222 2244 338 2301 inrisam
353 2244 415 2302 sine
430 2244 541 2302 honore
556 2254 648 2301 ratem
664 2245 813 2329 Sergestus
827 2245 941 2319 agebat.

224 2342 323 2415 Qualis
338 2360 426 2417 saepe
441 2342 504 2398 viae
519 2341 680 2416 deprensus
695 2341 726 2399 iu
740 2359 846 2416 aggere
860 2360 990 2417 serpens,

222 2456 308 2495 aerea
321 2457 410 2513 quem
424 2439 575 2515 obliquum
589 2448 653 2496 rota
666 2438 786 2510 transiit,
801 2448 851 2496 aut
864 2440 956 2514 gravis
970 2440 1030 2498 ictu

223 2535 402 2593 seminecem
416 2536 499 2611 liquit
513 2554 583 2593 saxo
597 2536 786 2610 lacerumque
799 2535 912 2609 viator3

222 2633 400 2707 nequiquam
413 2632 518 2707 longos
532 2632 645 2707 fugiens
660 2632 711 2689 dat
725 2651 850 2708 corpore
864 2642 964 2704 tortus,

223 2740 304 2805 parte
318 2730 407 2801 ferox,
423 2728 586 2804 ardensque
602 2730 703 2801 oculis,
719 2739 750 2787 et
763 2730 846 2789 sibila
859 2731 936 2788 colla

224 2826 329 2884 arduus
345 2825 487 2897 attollens,
502 2844 568 2901 pars
582 2826 700 2884 volnere
716 2826 825 2884 clauda
837 2837 962 2885 retentat

223 2933 380 3004 nexantem
394 2921 480 2981 nodis
495 2940 584 2995 seque
599 2923 629 2980 in
644 2941 697 2981 sua
710 2924 843 2981 membra
856 2924 1033 2999 plicantem:

222 3021 273 3078 tali
286 3020 407 3096 remigio
421 3019 502 3077 navis
516 3038 548 3077 se
563 3019 646 3077 tarda
660 3022 817 3093 movebat,

223 3116 288 3176 vela
301 3118 369 3175 facit
382 3126 492 3189 tamen,
507 3126 537 3175 et
551 3117 620 3175 velis
635 3118 713 3175 subit
726 3118 803 3175 ostia
815 3117 919 3193 plenis.

224 3216 390 3289 Sergestum
404 3216 519 3273 Aeneas
533 3215 677 3290 promisso
692 3233 814 3273 munere
829 3214 930 3286 donat,

224 3322 364 3370 servatam
379 3313 418 3381 ob
432 3331 538 3370 navem
552 3313 644 3369 laetus
659 3309 817 3387 sociosque
831 3312 978 3372 reductos.

225 3410 282 3469 Olli
296 3428 378 3468 serva
391 3409 485 3481 datur,
500 3428 624 3485 operum
638 3409 718 3467 haud
733 3410 833 3484 ignara
846 3411 1007 3483 Minervae,

224 3507 329 3565 Cressa
342 3526 443 3583 genus,
460 3506 580 3579 Pholoe,
594 3508 763 3582 geminique
779 3508 833 3565 sub
847 3508 935 3566 ubere
949 3508 1019 3566 nati.

265 3605 335 3661 Hoc
349 3606 414 3680 pius
428 3606 544 3663 Aeneas
558 3605 647 3662 misso
662 3604 822 3661 certamine
839 3604 934 3662 tendit

223 3701 403 3777 gramineum
419 3703 449 3759 iu
464 3720 610 3776 campum,
626 3720 716 3775 quem
731 3701 852 3758 collibus
867 3700 997 3776 undique
1012 3702 1107 3761 curvis

281 3826 315 3860 ²7⁴
325 3830 439 3879 oblicum:
454 3831 547 3873 transit.
564 3830 592 3873 R.
650 3826 821 3873 maturantem.
837 3829 866 3873 R.
928 3827 1176 3885 ”lplena...velis.
1191 3832 1220 3877 R.
