2834 4292
208 307 247 368 14
577 287 739 351 Pastoral
755 287 883 352 Poems.
1141 299 1256 364 [socon

244 473 315 532 Non
328 471 379 531 ulli
392 481 492 548 pastos
506 471 559 531 illis
574 489 660 548 egere
675 471 781 532 diebus

202 569 314 645 frigida,
330 569 458 645 Daphni,
473 569 564 628 boves
578 568 616 627 ad
631 569 771 642 flumina;
791 569 871 627 nulla
883 588 981 645 neque
994 588 1113 629 amnem
1226 603 1257 646 ,ς

201 667 299 725 libavit
314 665 490 742 quadrupes,
505 684 562 724 nec
576 666 714 742 graminis
728 666 822 742 attigit
835 667 966 726 herbam.

202 763 331 838 Daphni,
347 774 429 821 tuum
444 765 561 822 Poenos
575 763 663 820 etiam
678 763 854 839 ingemuisse
868 763 969 821 leones

201 861 349 918 interitum
363 870 537 935 montesque
552 861 604 918 leri
618 860 766 935 silvaeque
780 859 946 935 loquuntur.

201 957 336 1032 Daphnis
350 967 381 1015 et
394 957 547 1015 Armenias
561 975 647 1015 curru
661 957 836 1032 subiungere
850 956 937 1031 tigres

200 1054 342 1128 instituit3
365 1053 499 1128 Daphnis
514 1053 622 1111 thiasos
637 1052 777 1111 inducere
793 1053 913 1126 Bacchi,

201 1161 231 1209 et
244 1152 319 1210 foliis
333 1151 425 1209 lentas
440 1151 568 1209 intexere
583 1151 719 1209 mollibus
734 1150 839 1208 hastas.

241 1249 314 1306 Vitis
328 1258 360 1306 ut
373 1248 523 1306 arboribus
538 1247 639 1306 decori
654 1258 706 1319 est,
722 1258 755 1306 ut
767 1249 873 1307 vitibus
887 1266 970 1320 uvae,

199 1355 233 1403 ut
246 1345 380 1421 gregibus
395 1345 476 1417 tauri,
492 1355 606 1420 segetes
621 1355 652 1403 ut
666 1345 823 1420 pinguibus
837 1346 919 1416 arvis,

201 1451 232 1499 tu
248 1441 340 1499 decus
355 1460 443 1499 omne
457 1442 532 1501 tuis!
575 1444 735 1518 Postquam
749 1451 779 1500 te
793 1443 852 1500 sata
863 1443 1000 1513 tulerunt,

200 1538 264 1613 ipsa
278 1539 361 1596 Pales
376 1557 460 1614 agros
474 1548 562 1614 atque
576 1538 639 1614 ipse
653 1539 769 1614 reliquit
781 1539 896 1614 Apollo.

201 1635 331 1693 Grandia
344 1653 432 1711 saepe
447 1635 552 1710 quibus
566 1634 770 1694 mandavimus
783 1634 896 1693 hordea
908 1635 1004 1707 sulcis,

199 1732 298 1790 infelix
311 1733 412 1790 lolium
426 1742 456 1791 et
469 1733 580 1791 steriles
594 1743 753 1791 nascuntur
766 1751 875 1791 avenae
886 1753 895 1805 ;

198 1847 252 1904 pro
267 1829 347 1887 molli
361 1830 445 1901 viola,
460 1848 513 1905 pro
528 1848 675 1907 purpureo
689 1829 829 1902 narcisso,

137 1975 140 1982 .
199 1924 325 1983 carduus
340 1935 370 1984 et
383 1927 474 2001 spinis
488 1928 578 2002 surgit
591 1927 719 2002 paliurus
733 1927 835 1986 acutis.

239 2023 370 2098 Spargite
384 2022 506 2081 humum
521 2024 604 2096 soliis,
620 2022 751 2082 inducite
765 2024 893 2082 sontibus
906 2025 1033 2096 umbras,

197 2129 338 2194 pastores,
354 2119 474 2177 mandat
488 2119 550 2177 fieri
564 2120 619 2178 sibi
633 2121 701 2178 talia
715 2120 868 2196 Daphnis;

198 2226 228 2274 et
241 2216 386 2274 tumulum
399 2216 494 2288 facite,
510 2227 540 2274 et
553 2217 666 2275 tumulo
681 2217 869 2293 superaddite
883 2236 1021 2276 carmen:

198 2314 333 2371 Davisius
354 2329 412 2371 aco
432 2329 465 2371 m
485 2330 572 2371 snvis
594 2331 667 2373 nme
686 2331 781 2382 vsoua
799 2331 841 2372 nn
861 2331 966 2372 SIDERA
986 2329 1080 2373 norvs

198 2426 347 2468 roauousr
367 2426 488 2468 rscoms
509 2427 614 2468 cvsros
636 2427 827 2469 noamousroa
847 2428 917 2470 msa.

196 2507 257 2564 Me.
285 2507 356 2564 Tale
372 2517 454 2564 tuum
469 2525 587 2565 carmen
601 2509 695 2579 nobis,
711 2508 808 2566 divine
822 2510 921 2583 poeta,

197 2603 280 2678 quale
295 2622 384 2678 sopor
398 2604 479 2662 sessis
494 2604 525 2661 in
538 2605 678 2678 gramine,
693 2605 779 2679 quale
793 2624 847 2680 per
860 2616 974 2663 aestum

196 2699 289 2758 dulcis
304 2719 397 2776 aquae
413 2701 532 2758 saliente
547 2701 624 2758 sitim
637 2703 815 2777 restinguere
830 2703 910 2761 rivo:

195 2816 252 2854 nec
266 2798 385 2854 calamis
399 2798 494 2859 solum
508 2798 688 2873 aequiparas,
703 2798 757 2856 sed
770 2818 844 2857 voce
859 2799 1035 2874 magistrum.

115 2961 120 2972 ι
200 2892 375 2972 [Fortunate
389 2912 470 2970 puer,
486 2903 517 2953 tu
531 2913 612 2952 nunc
626 2896 681 2952 eris
696 2896 767 2952 alter
780 2896 818 2953 ab
831 2895 906 2974 illo]

195 3009 249 3048 nos
264 3000 363 3049 tamen
378 2992 452 3049 haec
466 3009 654 3067 quocumque
668 2991 760 3050 modo
775 2993 827 3050 tibi
840 3002 940 3050 nostra
952 2992 1079 3051 vicissim

195 3087 337 3159 dicemus,
354 3088 564 3163 Daphnimque
577 3098 661 3147 tuum
676 3089 811 3146 tollemus
825 3088 863 3146 ad
878 3098 954 3146 astra
962 3109 972 3162 ;

195 3185 336 3260 Daphnin
349 3185 389 3243 ad
403 3194 479 3243 astra
492 3186 636 3244 feremus:
660 3186 768 3243 amavit
781 3204 835 3243 nos
849 3203 968 3261 quoque
982 3185 1126 3262 Daphnis.

193 3283 258 3341 Mo.
287 3285 334 3340 An
348 3283 507 3358 quicquam
520 3283 605 3341 nobis
620 3283 669 3341 tali
684 3282 721 3340 sit
734 3301 855 3341 munere
869 3284 984 3342 maius?

195 3381 234 3437 Et
247 3396 320 3454 puer
333 3379 396 3455 ipse
411 3380 464 3438 suit
478 3382 587 3438 cantari
602 3380 717 3456 dignus,
732 3389 762 3439 et
776 3382 830 3438 ista

193 3477 252 3534 iam
266 3476 380 3552 pridem
395 3477 557 3535 Stimichon
571 3477 698 3536 laudavit
713 3480 843 3536 carmina
856 3479 950 3537 nobis.
1216 3487 1247 3535 55

193 3575 256 3633 Me.
285 3573 437 3633 Candidus
451 3575 597 3634 insuetum
611 3575 731 3633 miratur
743 3575 831 3634 limen
846 3576 975 3652 Olympi,

231 3701 380 3747 2⁸locuntur.
396 3702 425 3748 R.
468 3701 491 3734 ³⁸
502 3707 632 3760 purpurea.
647 3704 676 3749 R.
763 3702 899 3750 ”cattinas
915 3706 944 3750 R.
988 3703 1186 3761 ⁴²superaddi8a
1202 3704 1231 3750 R.

232 3775 255 3808 ⁴4
263 3775 373 3837 fhrmosa'.
390 3775 423 3824 Η.
467 3774 675 3824 *waharma
692 3777 720 3824 R
764 3776 904 3824 ⁴⁹omitted.
920 3778 949 3825 R
988 3777 1150 3836 mommo.
1166 3778 1195 3823 R.
