2834 4292
150 288 270 354 11.628.]
383 278 504 343 Priam
528 279 559 342 is
584 280 683 343 Slain
706 280 746 362 by
766 280 929 363 Pyrrhus.

152 464 234 538 Quid
249 464 327 537 luris,
343 472 393 522 aut
406 481 536 539 quonam
550 464 641 522 nostri
656 464 708 523 tibi
722 483 794 522 cura
805 465 946 523 recessit?

153 562 224 619 Non
238 562 316 637 prius
331 562 469 636 aspicies,
478 562 529 620 ubi
542 562 651 619 sessum
665 572 760 620 aetate
774 572 928 635 parentem
945 548 953 561 “

151 658 270 734 liqueris
284 659 453 731 Anchisen;
475 668 592 733 superet
606 660 774 717 coniunxne
788 659 908 729 Cretisa,

152 756 357 831 Ascaniusque
371 756 464 830 puer?
505 755 588 828 Quos
598 775 702 815 omnes
716 757 847 833 undique
861 759 967 817 Graiae

153 853 267 910 circum
281 862 377 909 errant
390 852 479 923 acies,
494 863 533 923 et,
548 852 578 909 ni
593 870 660 909 mea
676 870 746 909 cura
759 852 882 924 resistat,

153 950 213 1007 iam
229 949 364 1007 flammae
378 949 494 1007 tulerint
508 949 642 1007 iuimicus
657 959 688 1006 et
702 948 830 1007 hauserit
843 952 931 1010 ensis.

154 1047 227 1103 Non
241 1046 293 1103 tibi
307 1044 482 1120 Tyndaridis
496 1046 586 1103 iacies
600 1046 692 1103 invisa
707 1046 862 1106 Lacaenae

154 1143 326 1217 culpatusve
341 1142 436 1200 Paris:
460 1142 561 1199 divom
575 1142 771 1213 inclementia,
787 1144 895 1216 divom,

153 1239 209 1297 has
223 1240 326 1297 evertit
339 1256 413 1313 opes
426 1239 586 1313 sternitque
601 1256 619 1294 a
632 1240 761 1297 culmine
775 1242 903 1301 Troiam.

154 1336 315 1411 Aspice-
324 1352 451 1410 namque
465 1352 595 1405 omnem,
611 1354 687 1411 quae
701 1356 782 1396 nunc
798 1339 929 1397 obducta
942 1341 1035 1399 tuenti

155 1434 286 1491 mortalis
300 1431 420 1491 hebetat
433 1432 510 1491 visus
525 1434 578 1491 tibi
593 1444 623 1491 et
636 1433 737 1492 umida
751 1437 863 1493 circum

155 1532 273 1605 caligat,
287 1530 397 1589 nubem
412 1530 552 1605 eripiam;
574 1542 606 1589 tu
619 1550 657 1590 ne
672 1550 731 1607 qua
744 1534 872 1608 parentis

154 1629 236 1687 iussa
249 1628 329 1699 time,
344 1645 403 1685 neu
417 1630 584 1704 praeceptis
599 1647 699 1705 parere
716 1647 820 1687 recusa
830 1652 837 1688 :
847 1662 889 1675 -

155 1728 217 1799 hic,
233 1727 282 1785 ubi
296 1726 433 1787 disiectas
449 1729 542 1787 moles
558 1730 714 1803 avolsaque
728 1730 804 1788 saxis

156 1845 230 1885 saxa
243 1824 325 1883 vides
340 1826 491 1901 mixtoque
506 1825 665 1885 undantem
680 1827 797 1902 pulvere
811 1829 935 1899 sumum,

157 1925 318 1999 Neptunus
333 1942 430 1981 muros
445 1942 611 1999 magnoque
626 1934 725 1983 emota
738 1925 857 1983 tridenti

155 2022 351 2083 fundamenta
365 2022 466 2095 quatit,
482 2030 631 2095 totamque
646 2039 665 2077 a
677 2020 797 2080 sedibus
809 2023 913 2081 urbem

156 2121 254 2193 eruit;
276 2119 324 2176 hic
339 2120 416 2176 Iuno
432 2119 538 2176 Scaeas
552 2118 720 2176 saevissima
732 2128 831 2193 portas

156 2220 256 2296 prima
268 2228 358 2288 tenet,
375 2216 546 2289 sociumque
561 2216 692 2273 intensa
704 2217 825 2274 navibus
840 2234 947 2291 agmen

157 2320 237 2375 serro
251 2315 385 2372 accincta
398 2322 494 2370 vocat.

158 2420 227 2476 Iam
241 2433 368 2473 summas
383 2430 464 2469 arces
479 2410 618 2481 Tritonia,
633 2410 756 2485 respice,
771 2412 864 2471 Pallas

157 2513 277 2583 insedit,
292 2511 394 2578 nimbo
411 2508 552 2583 effulgens
567 2518 597 2565 et
611 2508 751 2582 Gorgone
766 2527 861 2567 saeva

159 2614 231 2687 Ipse
246 2621 328 2686 pater
344 2607 454 2667 Danais
469 2606 583 2664 animos
596 2605 729 2679 viresque
743 2605 889 2665 secundas

158 2709 276 2781 sufficit,
291 2709 354 2783 ipse
371 2706 444 2764 deos
459 2706 489 2763 in
506 2702 646 2761 Dardana
659 2704 779 2762 suscitat
792 2722 881 2763 arma.

160 2808 261 2881 Eripe,
277 2816 353 2876 nate,
370 2806 477 2880 lugam,
493 2788 642 2877 finemque
659 2800 780 2876 impone
794 2800 895 2860 labori.

160 2908 316 2981 Nusquam
332 2905 430 2975 abero,
447 2912 477 2961 et
491 2912 586 2961 tutum
601 2900 696 2977 patrio
710 2910 739 2957 te
753 2900 853 2958 limine
867 2900 986 2959 sistam!

160 3004 293 3073 Dixerat,
308 3012 339 3060 et
353 3002 451 3077 spissis
465 3000 560 3059 noctis
575 3016 606 3058 se
622 2997 757 3056 condidit
770 2997 889 3056 umbris.

160 3101 314 3177 Adparent
328 3100 408 3158 dirae
423 3099 513 3157 iacies
528 3098 705 3173 inimicaque
719 3096 825 3155 Troiae

160 3198 284 3257 numina
297 3216 403 3273 magna
417 3196 517 3255 deum.

202 3296 281 3355 Tum
296 3312 366 3355 vero
380 3312 468 3352 omne
481 3292 552 3351 mihi
566 3292 660 3351 visum
676 3290 831 3350 considere
844 3291 876 3349 in
889 3291 964 3367 ignis

162 3393 251 3451 ilium
265 3401 296 3450 et
309 3390 420 3449 eximo
434 3390 507 3449 verti
521 3390 671 3464 Neptunia
684 3389 792 3461 Troia3

163 3507 198 3548 ac
212 3488 303 3546 veluti
317 3488 440 3545 summis
454 3487 604 3563 antiquam
618 3486 649 3544 in
663 3486 811 3544 montibus
825 3504 931 3543 ornum

163 3605 232 3643 curn
248 3585 323 3642 ferro
338 3586 465 3641 accisam
482 3584 648 3657 crebrisque
663 3583 840 3658 bipennibus
854 3584 962 3641 instant

163 3700 265 3741 eruere
280 3681 423 3758 agricolae
434 3682 576 3753 certatim,
586 3681 682 3738 -illa
696 3698 789 3756 usque
803 3680 929 3738 minatur

612 3808 647 3841 ⁶¹⁶
658 3808 735 3853 limbo.
750 3810 778 3853 R.
