2834 4292
119 322 167 373 IV.
181 320 253 389 258]
454 310 485 373 T
480 310 520 373 lte
542 310 678 374 Herald
695 311 858 394 Mercury.

121 506 286 574 exspectat,
302 496 426 573 fatisque
442 494 524 555 datas
538 514 600 579 non
613 495 732 573 respicit
744 497 840 569 urbes,

121 596 293 671 adloquere,
309 606 339 653 et
354 595 455 653 celeris
464 596 552 652 ¹defer
566 613 633 653 mea
646 595 727 653 dicta
739 613 794 670 per
807 611 899 653 auras.

122 695 195 752 Non
209 695 291 751 illum
306 694 391 751 nobis
406 694 537 768 genetrix
551 692 747 768 pulcherrima
760 694 850 750 talem

120 792 266 867 promisit,
282 791 462 865 Graiumque
477 789 547 848 ideo
561 790 605 848 bis
619 789 750 848 vindicat
764 791 870 861 armis;

120 888 177 946 sed
192 889 264 959 fore,
280 887 329 961 qui
343 886 493 963 gravidam
507 887 635 961 imperiis
650 887 787 961 belloque
804 888 979 945 frementem

121 986 243 1044 Italiam
257 993 378 1059 regeret,
395 1002 487 1059 genus
501 985 559 1042 alto
574 1002 592 1041 a
606 984 747 1059 sanguine
762 985 870 1042 Teucri

119 1082 273 1157 proderet,
288 1100 324 1138 ac
339 1092 433 1139 totum
447 1082 502 1139 sub
516 1082 594 1155 leges
609 1082 736 1138 mitteret
751 1081 863 1140 orbem.

121 1180 153 1238 Si
167 1179 248 1237 nulla
262 1178 402 1236 accendit
413 1188 561 1235 tantarum
576 1178 667 1253 gloria
680 1197 788 1251 rerum,

120 1295 181 1335 nec
197 1295 284 1351 super
298 1277 360 1352 ipse
376 1294 428 1334 sua
442 1275 558 1333 molitur
571 1274 658 1333 laude
675 1274 818 1350 laborem,

120 1375 293 1433 Ascanione
309 1384 391 1448 pater
405 1375 556 1430 Romanas
571 1372 682 1430 invidet
697 1376 802 1433 arces?

122 1471 208 1545 Quid
222 1472 312 1541 struit,
328 1481 378 1527 aut
392 1488 450 1544 qua
464 1488 517 1544 spe
531 1470 651 1528 inimica
665 1470 694 1527 in
711 1482 798 1545 gente
813 1484 949 1547 moratur,

120 1588 181 1627 nec
197 1568 309 1643 prolem
324 1569 485 1625 Ausoniam
500 1576 529 1624 et
544 1568 664 1624 Lavinia
680 1570 798 1643 respicit
814 1574 902 1629 arva?

122 1666 271 1739 Naviget:
294 1664 368 1722 haec
383 1682 498 1721 summa
513 1673 575 1735 est;
598 1663 645 1720 hic
661 1666 752 1723 nostri
768 1668 886 1726 nuntius
900 1671 984 1727 esto.’

154 1763 297 1820 Dixerat.
339 1762 392 1819 Ille
407 1762 496 1836 patris
510 1762 607 1836 magni
624 1779 725 1837 parere
741 1765 862 1839 parabat

120 1860 269 1936 imperio;
291 1869 320 1917 et
333 1860 462 1935 primum
476 1858 600 1933 pedibus
616 1860 717 1917 talaria
730 1864 822 1921 nectit

98 1978 101 1987 ·
121 1976 223 2029 aurea,
238 1974 313 2031 quae
328 1957 483 2015 sublimem
497 1956 548 2013 alis
562 1957 622 2014 sive
638 1976 767 2033 aequora
779 1979 866 2036 supra

120 2074 176 2123 seu
191 2065 298 2112 terram
312 2054 416 2129 rapido
430 2055 537 2129 pariter
550 2072 619 2111 cum
635 2055 752 2115 flamine
767 2068 903 2133 portant;

121 2165 188 2211 tum
201 2153 312 2227 virgam
325 2152 422 2227 capit:
446 2151 503 2208 hac
516 2152 628 2209 animas
642 2152 689 2212 ille
706 2165 810 2212 evocat
825 2156 906 2216 Orco

122 2252 270 2328 pallentis,
285 2251 355 2311 alias
369 2251 424 2310 sub
437 2252 558 2309 Tartara
572 2252 661 2309 tristia
676 2252 773 2324 mittit,

124 2351 177 2409 dat
190 2368 313 2409 somnos
327 2351 497 2426 adimitque,
513 2360 543 2409 et
558 2350 668 2409 lumina
682 2359 777 2408 morte
794 2352 928 2427 resignat.

124 2449 181 2523 Illa
195 2448 284 2506 fretus
299 2448 358 2523 agit
371 2459 483 2521 ventos,
498 2458 528 2507 et
543 2448 660 2507 turbida
673 2456 769 2506 tranat

124 2547 245 2619 nubila3
268 2546 385 2623 iamque
398 2548 499 2607 volans
514 2548 629 2622 apicem
649 2555 680 2603 et
693 2545 784 2603 latera
797 2544 888 2604 ardua
902 2544 995 2607 cernit

125 2644 251 2703 Atlantis
265 2644 339 2717 duri,
354 2645 469 2704 caelum
483 2646 533 2720 qui
546 2644 656 2702 vertice
671 2642 762 2714 fulcit,

124 2742 260 2813 Atlantis,
277 2743 406 2801 cinctum
421 2742 543 2801 adsidue
558 2744 607 2801 cui
622 2741 749 2799 nubibus
763 2742 830 2799 atris

125 2841 285 2916 piniferum
299 2850 387 2915 caput
401 2850 430 2899 et
444 2850 533 2900 vento
548 2842 677 2916 pulsatur
692 2849 722 2898 et
739 2839 844 2911 imbri;

124 2939 176 2995 nix
200 2955 319 2996 umeros
343 2938 438 2996 infusa
451 2939 522 3013 tegit
532 2958 541 3010 ;
562 2947 625 2996 tum
642 2938 763 2995 flumina
777 2945 879 2995 mento

125 3035 323 3109 praecipitant
337 3036 422 3106 senis,
438 3045 467 3092 et
481 3036 573 3110 glacie
588 3037 662 3110 riget
676 3035 793 3093 horrida
807 3034 907 3094 barba.

127 3133 190 3191 Hic
204 3133 331 3207 primurn
345 3133 464 3209 paribus
479 3134 574 3191 nitens
590 3134 738 3209 Cyllenius
752 3133 805 3191 alis

126 3230 277 3303 constitit,
299 3230 369 3288 hinc
383 3240 446 3289 toto
461 3248 603 3305 praeceps
618 3250 649 3289 se
665 3249 789 3306 corpore
804 3229 843 3288 ad
857 3228 951 3289 undas

126 3330 214 3399 misit,
231 3328 277 3386 avi
291 3328 400 3398 similis,
416 3344 491 3402 quae
507 3329 617 3386 circum
631 3330 724 3400 litora,
740 3329 851 3387 circum

126 3426 262 3499 piscosos
277 3424 414 3499 scopulos
429 3424 544 3481 humilis
557 3425 636 3482 volat
650 3444 778 3500 aequora
792 3427 880 3484 iuxta

128 3522 222 3581 Haud
237 3522 319 3579 aliter
333 3530 421 3578 terras
436 3522 511 3579 inter
524 3522 698 3596 caelumque
712 3523 839 3597 volabat,

129 3620 193 3677 litus
207 3636 366 3676 arenosum
382 3618 491 3693 Libyae
506 3626 667 3693 ventosque
682 3620 803 3679 secabat

131 3726 262 3775 materno
276 3714 398 3773 veniens
413 3715 451 3773 ab
465 3734 520 3773 avo
536 3715 668 3791 Cyllenia
681 3717 788 3790 proles.

214 3842 248 3877 Μ
253 3842 369 3902 genetrix
378 3842 449 3890 nobis.
464 3844 493 3889 R.
560 3842 612 3878 ²⁵⁶⁷
623 3842 633 3877 ⁸
644 3844 765 3891 Brackets.
781 3846 810 3891 R.
867 3844 1056 3894 maranorum.
1073 3850 1102 3897 R.
