<?xml version="1.0" encoding="UTF-8"?>
<!DOCTYPE html PUBLIC "-//W3C//DTD XHTML 1.0 Transitional//EN"
    "http://www.w3.org/TR/xhtml1/DTD/xhtml1-transitional.dtd">
<html xmlns="http://www.w3.org/1999/xhtml" xml:lang="en" lang="en">
 <head>
  <title>
</title>
<meta http-equiv="Content-Type" content="text/html;charset=utf-8" />
  <meta name='ocr-system' content='tesseract 3.04.00' />
  <meta name='ocr-capabilities' content='ocr_page ocr_carea ocr_par ocr_line ocrx_word'/>
</head>
<body>
  <div class='ocr_page' id='page_1' title='image "./greaterpoemsvir00kittgoog_0186.png"; bbox 0 0 2834 4292; ppageno 0'>
   <div class='ocr_carea' id='block_1_1' title="bbox 201 272 941 358">
    <p class='ocr_par' dir='ltr' id='par_1_1' title="bbox 201 272 941 358">
     <span class='ocr_line' id='line_1_1' title="bbox 201 272 941 358; baseline -0.005 -17"><span class='ocrx_word' id='word_1_1' title='bbox 201 278 263 358; x_wconf 89' lang='lat'>164</span> <span class='ocrx_word' id='word_1_2' title='bbox 520 292 566 339; x_wconf 80' lang='lat' dir='ltr'>vt.</span> <span class='ocrx_word' id='word_1_3' title='bbox 597 273 663 337; x_wconf 79' lang='lat' dir='ltr'>Tlre</span> <span class='ocrx_word' id='word_1_4' title='bbox 683 272 805 336; x_wconf 74' lang='lat' dir='ltr'>lower</span> <span class='ocrx_word' id='word_1_5' title='bbox 825 272 941 337; x_wconf 83' lang='lat' dir='ltr'>World.</span> 
     </span>
    </p>
   </div>
   <div class='ocr_carea' id='block_1_2' title="bbox 192 454 1051 3733">
    <p class='ocr_par' dir='ltr' id='par_1_2' title="bbox 196 454 935 916">
     <span class='ocr_line' id='line_1_2' title="bbox 197 454 929 533; baseline 0 -18"><span class='ocrx_word' id='word_1_6' title='bbox 197 455 324 531; x_wconf 88' lang='lat' dir='ltr'>Corripit</span> <span class='ocrx_word' id='word_1_7' title='bbox 337 454 386 515; x_wconf 93' lang='lat' dir='ltr'>hic</span> <span class='ocrx_word' id='word_1_8' title='bbox 400 454 495 517; x_wconf 89' lang='lat' dir='ltr'>subita</span> <span class='ocrx_word' id='word_1_9' title='bbox 508 455 640 533; x_wconf 84' lang='lat' dir='ltr'>trepidus</span> <span class='ocrx_word' id='word_1_10' title='bbox 653 455 809 517; x_wconf 83' lang='lat' dir='ltr'>formidine</span> <span class='ocrx_word' id='word_1_11' title='bbox 823 460 929 516; x_wconf 84' lang='lat' dir='ltr'>fenum</span> 
     </span>
     <span class='ocr_line' id='line_1_3' title="bbox 196 554 935 629; baseline 0.001 -17"><span class='ocrx_word' id='word_1_12' title='bbox 196 555 322 626; x_wconf 87' lang='lat' dir='ltr'>Aeneas,</span> <span class='ocrx_word' id='word_1_13' title='bbox 337 554 524 629; x_wconf 83' lang='lat' dir='ltr'><strong>strictamque</strong></span> <span class='ocrx_word' id='word_1_14' title='bbox 538 554 634 613; x_wconf 83' lang='lat' dir='ltr'><strong>aciem</strong></span> <span class='ocrx_word' id='word_1_15' title='bbox 647 555 830 613; x_wconf 87' lang='lat' dir='ltr'>venientibus</span> <span class='ocrx_word' id='word_1_16' title='bbox 843 555 935 628; x_wconf 78' lang='lat' dir='ltr'>offert,</span> 
     </span>
     <span class='ocr_line' id='line_1_4' title="bbox 197 648 915 726; baseline 0.001 -18"><span class='ocrx_word' id='word_1_17' title='bbox 197 660 235 723; x_wconf 91' lang='lat' dir='ltr'>et,</span> <span class='ocrx_word' id='word_1_18' title='bbox 250 650 281 710; x_wconf 89' lang='lat' dir='ltr'>ni</span> <span class='ocrx_word' id='word_1_19' title='bbox 295 648 385 711; x_wconf 89' lang='lat' dir='ltr'>docta</span> <span class='ocrx_word' id='word_1_20' title='bbox 399 668 499 709; x_wconf 91' lang='lat' dir='ltr'>comes</span> <span class='ocrx_word' id='word_1_21' title='bbox 513 659 615 709; x_wconf 88' lang='lat' dir='ltr'>tenues</span> <span class='ocrx_word' id='word_1_22' title='bbox 629 650 691 709; x_wconf 91' lang='lat' dir='ltr'>sine</span> <span class='ocrx_word' id='word_1_23' title='bbox 707 668 831 726; x_wconf 91' lang='lat' dir='ltr'>corpore</span> <span class='ocrx_word' id='word_1_24' title='bbox 842 652 915 709; x_wconf 87' lang='lat' dir='ltr'>vitas</span> 
     </span>
     <span class='ocr_line' id='line_1_5' title="bbox 196 747 916 823; baseline 0 -16"><span class='ocrx_word' id='word_1_25' title='bbox 196 748 357 807; x_wconf 87' lang='lat' dir='ltr'>admoneat</span> <span class='ocrx_word' id='word_1_26' title='bbox 370 749 488 806; x_wconf 88' lang='lat' dir='ltr'>volitare</span> <span class='ocrx_word' id='word_1_27' title='bbox 503 764 575 805; x_wconf 89' lang='lat' dir='ltr'>cava</span> <span class='ocrx_word' id='word_1_28' title='bbox 588 748 643 806; x_wconf 91' lang='lat' dir='ltr'>sub</span> <span class='ocrx_word' id='word_1_29' title='bbox 657 747 783 823; x_wconf 80' lang='lat' dir='ltr'>imagine</span> <span class='ocrx_word' id='word_1_30' title='bbox 797 749 916 821; x_wconf 87' lang='lat' dir='ltr'>formae,</span> 
     </span>
     <span class='ocr_line' id='line_1_6' title="bbox 196 844 866 916; baseline 0 -13"><span class='ocrx_word' id='word_1_31' title='bbox 196 846 299 916; x_wconf 90' lang='lat' dir='ltr'>inruat,</span> <span class='ocrx_word' id='word_1_32' title='bbox 315 854 345 903; x_wconf 91' lang='lat' dir='ltr'>et</span> <span class='ocrx_word' id='word_1_33' title='bbox 359 845 460 903; x_wconf 88' lang='lat' dir='ltr'>frustra</span> <span class='ocrx_word' id='word_1_34' title='bbox 474 845 548 902; x_wconf 82' lang='lat' dir='ltr'>ferro</span> <span class='ocrx_word' id='word_1_35' title='bbox 563 844 727 903; x_wconf 83' lang='lat' dir='ltr'>diverberet</span> <span class='ocrx_word' id='word_1_36' title='bbox 740 845 866 903; x_wconf 86' lang='lat' dir='ltr'>umbras.</span> 
     </span>
    </p>

    <p class='ocr_par' dir='ltr' id='par_1_3' title="bbox 194 941 1049 1889">
     <span class='ocr_line' id='line_1_7' title="bbox 238 941 1049 1016; baseline 0.005 -17"><span class='ocrx_word' id='word_1_37' title='bbox 238 943 320 999; x_wconf 90' lang='lat' dir='ltr'>Hinc</span> <span class='ocrx_word' id='word_1_38' title='bbox 333 942 388 1012; x_wconf 90' lang='lat' dir='ltr'>via,</span> <span class='ocrx_word' id='word_1_39' title='bbox 403 941 533 999; x_wconf 90' lang='lat' dir='ltr'>Tartarei</span> <span class='ocrx_word' id='word_1_40' title='bbox 547 960 622 1016; x_wconf 89' lang='lat' dir='ltr'>quae</span> <span class='ocrx_word' id='word_1_41' title='bbox 637 942 692 1000; x_wconf 83' lang='lat' dir='ltr'>fert</span> <span class='ocrx_word' id='word_1_42' title='bbox 706 941 879 1001; x_wconf 85' lang='lat' dir='ltr'>Acherontis</span> <span class='ocrx_word' id='word_1_43' title='bbox 892 942 933 1001; x_wconf 91' lang='lat' dir='ltr'>ad</span> <span class='ocrx_word' id='word_1_44' title='bbox 946 943 1049 1003; x_wconf 85' lang='lat' dir='ltr'>undas.</span> 
     </span>
     <span class='ocr_line' id='line_1_8' title="bbox 195 1038 935 1114; baseline 0 -17"><span class='ocrx_word' id='word_1_45' title='bbox 195 1038 343 1097; x_wconf 89' lang='lat' dir='ltr'>Turbidus</span> <span class='ocrx_word' id='word_1_46' title='bbox 358 1038 406 1095; x_wconf 92' lang='lat' dir='ltr'>hic</span> <span class='ocrx_word' id='word_1_47' title='bbox 421 1056 515 1096; x_wconf 90' lang='lat' dir='ltr'>caeno</span> <span class='ocrx_word' id='word_1_48' title='bbox 530 1050 668 1113; x_wconf 88' lang='lat' dir='ltr'>vastaque</span> <span class='ocrx_word' id='word_1_49' title='bbox 681 1040 818 1114; x_wconf 89' lang='lat' dir='ltr'>voragine</span> <span class='ocrx_word' id='word_1_50' title='bbox 831 1058 935 1114; x_wconf 84' lang='lat' dir='ltr'>gurges</span> 
     </span>
     <span class='ocr_line' id='line_1_9' title="bbox 197 1136 951 1211; baseline 0.001 -17"><span class='ocrx_word' id='word_1_51' title='bbox 197 1146 318 1207; x_wconf 84' lang='lat' dir='ltr'>aestuat,</span> <span class='ocrx_word' id='word_1_52' title='bbox 333 1145 420 1210; x_wconf 91' lang='lat' dir='ltr'>atque</span> <span class='ocrx_word' id='word_1_53' title='bbox 435 1153 555 1201; x_wconf 87' lang='lat' dir='ltr'>qmnem</span> <span class='ocrx_word' id='word_1_54' title='bbox 570 1136 685 1211; x_wconf 90' lang='lat' dir='ltr'>Cocyto</span> <span class='ocrx_word' id='word_1_55' title='bbox 700 1145 811 1193; x_wconf 86' lang='lat' dir='ltr'>eructat</span> <span class='ocrx_word' id='word_1_56' title='bbox 823 1154 951 1195; x_wconf 81' lang='lat' dir='ltr'>arenam.</span> 
     </span>
     <span class='ocr_line' id='line_1_10' title="bbox 197 1232 952 1308; baseline 0.003 -18"><span class='ocrx_word' id='word_1_57' title='bbox 197 1233 322 1291; x_wconf 91' lang='lat' dir='ltr'>Portitor</span> <span class='ocrx_word' id='word_1_58' title='bbox 336 1232 388 1290; x_wconf 90' lang='lat' dir='ltr'>has</span> <span class='ocrx_word' id='word_1_59' title='bbox 402 1232 564 1291; x_wconf 88' lang='lat' dir='ltr'>horrendus</span> <span class='ocrx_word' id='word_1_60' title='bbox 578 1251 668 1308; x_wconf 86' lang='lat' dir='ltr'>aquas</span> <span class='ocrx_word' id='word_1_61' title='bbox 683 1242 714 1291; x_wconf 89' lang='lat' dir='ltr'>et</span> <span class='ocrx_word' id='word_1_62' title='bbox 726 1232 846 1291; x_wconf 90' lang='lat' dir='ltr'>flumina</span> <span class='ocrx_word' id='word_1_63' title='bbox 859 1244 952 1292; x_wconf 83' lang='lat' dir='ltr'>servat</span> 
     </span>
     <span class='ocr_line' id='line_1_11' title="bbox 196 1329 919 1405; baseline 0.003 -18"><span class='ocrx_word' id='word_1_64' title='bbox 196 1330 313 1388; x_wconf 89' lang='lat' dir='ltr'>terribili</span> <span class='ocrx_word' id='word_1_65' title='bbox 327 1330 461 1403; x_wconf 81' lang='lat' dir='ltr'>squalore</span> <span class='ocrx_word' id='word_1_66' title='bbox 477 1329 604 1401; x_wconf 86' lang='lat' dir='ltr'>Charon,</span> <span class='ocrx_word' id='word_1_67' title='bbox 619 1331 667 1387; x_wconf 92' lang='lat' dir='ltr'>cui</span> <span class='ocrx_word' id='word_1_68' title='bbox 682 1330 806 1405; x_wconf 89' lang='lat' dir='ltr'>plurima</span> <span class='ocrx_word' id='word_1_69' title='bbox 818 1340 919 1389; x_wconf 90' lang='lat' dir='ltr'>mento</span> 
     </span>
     <span class='ocr_line' id='line_1_12' title="bbox 196 1426 907 1499; baseline 0.003 -16"><span class='ocrx_word' id='word_1_70' title='bbox 196 1427 316 1484; x_wconf 86' lang='lat' dir='ltr'>canities</span> <span class='ocrx_word' id='word_1_71' title='bbox 330 1426 439 1484; x_wconf 92' lang='lat' dir='ltr'>inculta</span> <span class='ocrx_word' id='word_1_72' title='bbox 453 1427 548 1499; x_wconf 87' lang='lat' dir='ltr'>iacet;</span> <span class='ocrx_word' id='word_1_73' title='bbox 569 1436 646 1485; x_wconf 89' lang='lat' dir='ltr'>stant</span> <span class='ocrx_word' id='word_1_74' title='bbox 659 1427 769 1484; x_wconf 89' lang='lat' dir='ltr'>lumina</span> <span class='ocrx_word' id='word_1_75' title='bbox 781 1426 907 1499; x_wconf 87' lang='lat' dir='ltr'>flamma,</span> 
     </span>
     <span class='ocr_line' id='line_1_13' title="bbox 194 1522 930 1598; baseline 0.001 -16"><span class='ocrx_word' id='word_1_76' title='bbox 194 1523 329 1583; x_wconf 90' lang='lat' dir='ltr'>sordidus</span> <span class='ocrx_word' id='word_1_77' title='bbox 351 1542 388 1583; x_wconf 88' lang='lat' dir='ltr'>ex</span> <span class='ocrx_word' id='word_1_78' title='bbox 408 1526 516 1584; x_wconf 89' lang='lat' dir='ltr'>umeris</span> <span class='ocrx_word' id='word_1_79' title='bbox 537 1523 619 1582; x_wconf 90' lang='lat' dir='ltr'>nodo</span> <span class='ocrx_word' id='word_1_80' title='bbox 633 1522 785 1598; x_wconf 88' lang='lat' dir='ltr'>dependet</span> <span class='ocrx_word' id='word_1_81' title='bbox 798 1524 930 1583; x_wconf 88' lang='lat' dir='ltr'>amictus.</span> 
     </span>
     <span class='ocr_line' id='line_1_14' title="bbox 195 1620 911 1695; baseline 0.003 -18"><span class='ocrx_word' id='word_1_82' title='bbox 195 1622 265 1695; x_wconf 90' lang='lat' dir='ltr'>Ipse</span> <span class='ocrx_word' id='word_1_83' title='bbox 279 1630 371 1678; x_wconf 90' lang='lat' dir='ltr'>ratem</span> <span class='ocrx_word' id='word_1_84' title='bbox 387 1630 477 1677; x_wconf 92' lang='lat' dir='ltr'>conto</span> <span class='ocrx_word' id='word_1_85' title='bbox 492 1620 607 1695; x_wconf 89' lang='lat' dir='ltr'>subigit,</span> <span class='ocrx_word' id='word_1_86' title='bbox 622 1621 751 1695; x_wconf 90' lang='lat' dir='ltr'>velisque</span> <span class='ocrx_word' id='word_1_87' title='bbox 762 1622 911 1693; x_wconf 85' lang='lat' dir='ltr'>ministrat,</span> 
     </span>
     <span class='ocr_line' id='line_1_15' title="bbox 196 1710 880 1793; baseline 0 -18"><span class='ocrx_word' id='word_1_88' title='bbox 196 1727 226 1775; x_wconf 91' lang='lat' dir='ltr'>et</span> <span class='ocrx_word' id='word_1_89' title='bbox 239 1717 401 1792; x_wconf 89' lang='lat' dir='ltr'>ferruginea</span> <span class='ocrx_word' id='word_1_90' title='bbox 414 1717 566 1775; x_wconf 86' lang='lat' dir='ltr'>subvectat</span> <span class='ocrx_word' id='word_1_91' title='bbox 580 1735 705 1792; x_wconf 87' lang='lat' dir='ltr'>corpora</span> <span class='ocrx_word' id='word_1_92' title='bbox 718 1718 836 1793; x_wconf 80' lang='lat' dir='ltr'>cymba,</span> <span class='ocrx_word' id='word_1_93' title='bbox 876 1710 880 1719; x_wconf 80' lang='lat'>&#39;</span> 
     </span>
     <span class='ocr_line' id='line_1_16' title="bbox 195 1812 951 1889; baseline 0.003 -18"><span class='ocrx_word' id='word_1_94' title='bbox 195 1815 254 1871; x_wconf 90' lang='lat' dir='ltr'>iam</span> <span class='ocrx_word' id='word_1_95' title='bbox 269 1815 375 1886; x_wconf 88' lang='lat' dir='ltr'>senior,</span> <span class='ocrx_word' id='word_1_96' title='bbox 389 1812 444 1871; x_wconf 91' lang='lat' dir='ltr'>sed</span> <span class='ocrx_word' id='word_1_97' title='bbox 458 1813 549 1872; x_wconf 88' lang='lat' dir='ltr'>cruda</span> <span class='ocrx_word' id='word_1_98' title='bbox 563 1813 622 1872; x_wconf 87' lang='lat' dir='ltr'>deo</span> <span class='ocrx_word' id='word_1_99' title='bbox 636 1814 792 1889; x_wconf 90' lang='lat' dir='ltr'>viridisque</span> <span class='ocrx_word' id='word_1_100' title='bbox 806 1826 951 1874; x_wconf 89' lang='lat' dir='ltr'>senectus.</span> 
     </span>
    </p>

    <p class='ocr_par' dir='ltr' id='par_1_4' title="bbox 193 1909 1012 3052">
     <span class='ocr_line' id='line_1_17' title="bbox 237 1909 892 1985; baseline 0 -16"><span class='ocrx_word' id='word_1_101' title='bbox 237 1912 308 1970; x_wconf 92' lang='lat' dir='ltr'>Huc</span> <span class='ocrx_word' id='word_1_102' title='bbox 323 1911 418 1968; x_wconf 90' lang='lat' dir='ltr'>omnis</span> <span class='ocrx_word' id='word_1_103' title='bbox 433 1911 517 1968; x_wconf 88' lang='lat' dir='ltr'>turba</span> <span class='ocrx_word' id='word_1_104' title='bbox 531 1909 570 1967; x_wconf 92' lang='lat' dir='ltr'>ad</span> <span class='ocrx_word' id='word_1_105' title='bbox 584 1912 661 1985; x_wconf 86' lang='lat' dir='ltr'>ripas</span> <span class='ocrx_word' id='word_1_106' title='bbox 676 1910 767 1969; x_wconf 83' lang='lat' dir='ltr'>effusa</span> <span class='ocrx_word' id='word_1_107' title='bbox 780 1912 892 1983; x_wconf 90' lang='lat' dir='ltr'>ruebat,</span> 
     </span>
     <span class='ocr_line' id='line_1_18' title="bbox 195 2007 905 2083; baseline 0 -17"><span class='ocrx_word' id='word_1_108' title='bbox 195 2018 301 2067; x_wconf 88' lang='lat' dir='ltr'>matres</span> <span class='ocrx_word' id='word_1_109' title='bbox 316 2018 404 2083; x_wconf 90' lang='lat' dir='ltr'>atque</span> <span class='ocrx_word' id='word_1_110' title='bbox 418 2008 479 2079; x_wconf 92' lang='lat' dir='ltr'>viri,</span> <span class='ocrx_word' id='word_1_111' title='bbox 495 2007 693 2083; x_wconf 87' lang='lat' dir='ltr'>defunctaque</span> <span class='ocrx_word' id='word_1_112' title='bbox 708 2026 832 2083; x_wconf 92' lang='lat' dir='ltr'>corpora</span> <span class='ocrx_word' id='word_1_113' title='bbox 845 2010 905 2066; x_wconf 90' lang='lat' dir='ltr'>vita</span> 
     </span>
     <span class='ocr_line' id='line_1_19' title="bbox 195 2105 1011 2182; baseline 0.002 -19"><span class='ocrx_word' id='word_1_114' title='bbox 195 2106 416 2182; x_wconf 82' lang='lat' dir='ltr'>magnanimum</span> <span class='ocrx_word' id='word_1_115' title='bbox 430 2105 561 2175; x_wconf 89' lang='lat' dir='ltr'>heroum,</span> <span class='ocrx_word' id='word_1_116' title='bbox 576 2105 660 2179; x_wconf 88' lang='lat' dir='ltr'>pueri</span> <span class='ocrx_word' id='word_1_117' title='bbox 674 2105 872 2180; x_wconf 89' lang='lat' dir='ltr'>innuptaeque</span> <span class='ocrx_word' id='word_1_118' title='bbox 886 2106 1011 2181; x_wconf 89' lang='lat' dir='ltr'>puellae,</span> 
     </span>
     <span class='ocr_line' id='line_1_20' title="bbox 195 2202 937 2277; baseline 0.001 -18"><span class='ocrx_word' id='word_1_119' title='bbox 195 2203 380 2277; x_wconf 90' lang='lat' dir='ltr'>impositique</span> <span class='ocrx_word' id='word_1_120' title='bbox 395 2202 472 2277; x_wconf 88' lang='lat' dir='ltr'>rogis</span> <span class='ocrx_word' id='word_1_121' title='bbox 487 2202 606 2259; x_wconf 89' lang='lat' dir='ltr'>iuvenes</span> <span class='ocrx_word' id='word_1_122' title='bbox 620 2211 687 2259; x_wconf 91' lang='lat' dir='ltr'>ante</span> <span class='ocrx_word' id='word_1_123' title='bbox 702 2220 753 2259; x_wconf 87' lang='lat' dir='ltr'>ora</span> <span class='ocrx_word' id='word_1_124' title='bbox 766 2214 937 2277; x_wconf 89' lang='lat' dir='ltr'>parentum:</span> 
     </span>
     <span class='ocr_line' id='line_1_21' title="bbox 195 2299 894 2374; baseline -0.001 -18"><span class='ocrx_word' id='word_1_125' title='bbox 195 2318 283 2374; x_wconf 91' lang='lat' dir='ltr'>quam</span> <span class='ocrx_word' id='word_1_126' title='bbox 298 2299 388 2356; x_wconf 87' lang='lat' dir='ltr'>multa</span> <span class='ocrx_word' id='word_1_127' title='bbox 401 2300 431 2356; x_wconf 88' lang='lat' dir='ltr'>in</span> <span class='ocrx_word' id='word_1_128' title='bbox 445 2299 521 2356; x_wconf 90' lang='lat' dir='ltr'>silvis</span> <span class='ocrx_word' id='word_1_129' title='bbox 535 2299 667 2355; x_wconf 87' lang='lat' dir='ltr'>autumni</span> <span class='ocrx_word' id='word_1_130' title='bbox 681 2299 785 2373; x_wconf 83' lang='lat' dir='ltr'>frigore</span> <span class='ocrx_word' id='word_1_131' title='bbox 799 2299 894 2373; x_wconf 89' lang='lat' dir='ltr'>primo</span> 
     </span>
     <span class='ocr_line' id='line_1_22' title="bbox 195 2394 978 2471; baseline -0.001 -17"><span class='ocrx_word' id='word_1_132' title='bbox 195 2397 275 2471; x_wconf 88' lang='lat' dir='ltr'>lapsa</span> <span class='ocrx_word' id='word_1_133' title='bbox 290 2396 399 2454; x_wconf 88' lang='lat' dir='ltr'>cadunt</span> <span class='ocrx_word' id='word_1_134' title='bbox 412 2396 489 2466; x_wconf 84' lang='lat' dir='ltr'>solia,</span> <span class='ocrx_word' id='word_1_135' title='bbox 504 2404 554 2452; x_wconf 88' lang='lat' dir='ltr'>aut</span> <span class='ocrx_word' id='word_1_136' title='bbox 567 2394 606 2452; x_wconf 89' lang='lat' dir='ltr'>ad</span> <span class='ocrx_word' id='word_1_137' title='bbox 620 2404 726 2452; x_wconf 89' lang='lat' dir='ltr'>terram</span> <span class='ocrx_word' id='word_1_138' title='bbox 741 2395 852 2469; x_wconf 89' lang='lat' dir='ltr'>gurgite</span> <span class='ocrx_word' id='word_1_139' title='bbox 867 2396 904 2454; x_wconf 89' lang='lat' dir='ltr'>ab</span> <span class='ocrx_word' id='word_1_140' title='bbox 918 2397 978 2453; x_wconf 90' lang='lat' dir='ltr'>alto</span> 
     </span>
     <span class='ocr_line' id='line_1_23' title="bbox 194 2491 1012 2569; baseline 0 -19"><span class='ocrx_word' id='word_1_141' title='bbox 194 2511 283 2568; x_wconf 91' lang='lat' dir='ltr'>quam</span> <span class='ocrx_word' id='word_1_142' title='bbox 298 2493 405 2551; x_wconf 88' lang='lat' dir='ltr'>multae</span> <span class='ocrx_word' id='word_1_143' title='bbox 420 2493 616 2569; x_wconf 87' lang='lat' dir='ltr'>glomerantur</span> <span class='ocrx_word' id='word_1_144' title='bbox 629 2510 706 2563; x_wconf 88' lang='lat' dir='ltr'>aves,</span> <span class='ocrx_word' id='word_1_145' title='bbox 723 2492 772 2550; x_wconf 93' lang='lat' dir='ltr'>ubi</span> <span class='ocrx_word' id='word_1_146' title='bbox 785 2491 905 2566; x_wconf 81' lang='lat' dir='ltr'>frigidus</span> <span class='ocrx_word' id='word_1_147' title='bbox 918 2510 1012 2550; x_wconf 89' lang='lat' dir='ltr'>annus</span> 
     </span>
     <span class='ocr_line' id='line_1_24' title="bbox 194 2589 924 2666; baseline -0.001 -18"><span class='ocrx_word' id='word_1_148' title='bbox 194 2600 272 2648; x_wconf 89' lang='lat' dir='ltr'>trans</span> <span class='ocrx_word' id='word_1_149' title='bbox 286 2601 410 2666; x_wconf 88' lang='lat' dir='ltr'>pontum</span> <span class='ocrx_word' id='word_1_150' title='bbox 425 2590 513 2665; x_wconf 88' lang='lat' dir='ltr'>fugat,</span> <span class='ocrx_word' id='word_1_151' title='bbox 529 2599 559 2647; x_wconf 93' lang='lat' dir='ltr'>et</span> <span class='ocrx_word' id='word_1_152' title='bbox 573 2590 652 2647; x_wconf 87' lang='lat' dir='ltr'>terris</span> <span class='ocrx_word' id='word_1_153' title='bbox 668 2589 797 2647; x_wconf 90' lang='lat' dir='ltr'>immittit</span> <span class='ocrx_word' id='word_1_154' title='bbox 810 2589 924 2663; x_wconf 87' lang='lat' dir='ltr'>apricis.</span> 
     </span>
     <span class='ocr_line' id='line_1_25' title="bbox 195 2686 891 2761; baseline -0.006 -15"><span class='ocrx_word' id='word_1_155' title='bbox 195 2688 315 2747; x_wconf 88' lang='lat' dir='ltr'>Stabant</span> <span class='ocrx_word' id='word_1_156' title='bbox 329 2697 444 2745; x_wconf 88' lang='lat' dir='ltr'>orantes</span> <span class='ocrx_word' id='word_1_157' title='bbox 459 2687 544 2761; x_wconf 92' lang='lat' dir='ltr'>primi</span> <span class='ocrx_word' id='word_1_158' title='bbox 558 2686 752 2744; x_wconf 88' lang='lat' dir='ltr'>transmittere</span> <span class='ocrx_word' id='word_1_159' title='bbox 766 2704 891 2758; x_wconf 88' lang='lat' dir='ltr'>cursum,</span> 
     </span>
     <span class='ocr_line' id='line_1_26' title="bbox 194 2782 905 2859; baseline -0.001 -17"><span class='ocrx_word' id='word_1_160' title='bbox 194 2783 413 2859; x_wconf 89' lang='lat' dir='ltr'>tendebantque</span> <span class='ocrx_word' id='word_1_161' title='bbox 427 2802 530 2841; x_wconf 90' lang='lat' dir='ltr'>manus</span> <span class='ocrx_word' id='word_1_162' title='bbox 545 2784 625 2857; x_wconf 87' lang='lat' dir='ltr'>ripae</span> <span class='ocrx_word' id='word_1_163' title='bbox 640 2782 783 2841; x_wconf 90' lang='lat' dir='ltr'>ulterioris</span> <span class='ocrx_word' id='word_1_164' title='bbox 797 2802 905 2841; x_wconf 90' lang='lat' dir='ltr'>amore.</span> 
     </span>
     <span class='ocr_line' id='line_1_27' title="bbox 195 2880 933 2955; baseline -0.001 -15"><span class='ocrx_word' id='word_1_165' title='bbox 195 2882 302 2941; x_wconf 88' lang='lat' dir='ltr'>Navita</span> <span class='ocrx_word' id='word_1_166' title='bbox 315 2880 368 2939; x_wconf 92' lang='lat' dir='ltr'>sed</span> <span class='ocrx_word' id='word_1_167' title='bbox 382 2881 468 2938; x_wconf 90' lang='lat' dir='ltr'>tristis</span> <span class='ocrx_word' id='word_1_168' title='bbox 481 2899 562 2937; x_wconf 89' lang='lat' dir='ltr'>nunc</span> <span class='ocrx_word' id='word_1_169' title='bbox 576 2880 630 2938; x_wconf 92' lang='lat' dir='ltr'>hos</span> <span class='ocrx_word' id='word_1_170' title='bbox 644 2899 724 2938; x_wconf 92' lang='lat' dir='ltr'>nunc</span> <span class='ocrx_word' id='word_1_171' title='bbox 739 2881 846 2955; x_wconf 89' lang='lat' dir='ltr'>accipit</span> <span class='ocrx_word' id='word_1_172' title='bbox 859 2881 933 2952; x_wconf 90' lang='lat' dir='ltr'>illos,</span> 
     </span>
     <span class='ocr_line' id='line_1_28' title="bbox 193 2978 795 3052; baseline -0.002 -15"><span class='ocrx_word' id='word_1_173' title='bbox 193 2988 238 3037; x_wconf 88' lang='lat' dir='ltr'>ast</span> <span class='ocrx_word' id='word_1_174' title='bbox 253 2979 323 3036; x_wconf 91' lang='lat' dir='ltr'>alios</span> <span class='ocrx_word' id='word_1_175' title='bbox 337 2978 424 3052; x_wconf 87' lang='lat' dir='ltr'>longe</span> <span class='ocrx_word' id='word_1_176' title='bbox 439 2978 590 3036; x_wconf 91' lang='lat' dir='ltr'>submotos</span> <span class='ocrx_word' id='word_1_177' title='bbox 604 2988 685 3035; x_wconf 88' lang='lat' dir='ltr'>arcet</span> <span class='ocrx_word' id='word_1_178' title='bbox 698 2996 795 3036; x_wconf 80' lang='lat' dir='ltr'>arena</span> 
     </span>
    </p>

    <p class='ocr_par' dir='ltr' id='par_1_5' title="bbox 192 3074 1051 3733">
     <span class='ocr_line' id='line_1_29' title="bbox 233 3074 904 3149; baseline -0.001 -16"><span class='ocrx_word' id='word_1_179' title='bbox 233 3078 358 3145; x_wconf 80' lang='lat' dir='ltr'>Aeneas,</span> <span class='ocrx_word' id='word_1_180' title='bbox 373 3075 491 3132; x_wconf 90' lang='lat' dir='ltr'>miratus</span> <span class='ocrx_word' id='word_1_181' title='bbox 506 3074 584 3132; x_wconf 92' lang='lat' dir='ltr'>enim</span> <span class='ocrx_word' id='word_1_182' title='bbox 599 3086 755 3149; x_wconf 88' lang='lat' dir='ltr'>motusque</span> <span class='ocrx_word' id='word_1_183' title='bbox 769 3075 904 3145; x_wconf 89' lang='lat' dir='ltr'>tumultu,</span> 
     </span>
     <span class='ocr_line' id='line_1_30' title="bbox 194 3171 1051 3246; baseline 0.001 -15"><span class='ocrx_word' id='word_1_184' title='bbox 194 3174 285 3231; x_wconf 89' lang='lat' dir='ltr'>‘Dic&#39;</span> <span class='ocrx_word' id='word_1_185' title='bbox 301 3172 341 3229; x_wconf 90' lang='lat' dir='ltr'>ait</span> <span class='ocrx_word' id='word_1_186' title='bbox 356 3172 402 3230; x_wconf 89' lang='lat' dir='ltr'>‘O</span> <span class='ocrx_word' id='word_1_187' title='bbox 418 3172 508 3246; x_wconf 86' lang='lat' dir='ltr'>virgo,</span> <span class='ocrx_word' id='word_1_188' title='bbox 523 3171 595 3246; x_wconf 93' lang='lat' dir='ltr'>quid</span> <span class='ocrx_word' id='word_1_189' title='bbox 610 3173 668 3230; x_wconf 94' lang='lat' dir='ltr'>volt</span> <span class='ocrx_word' id='word_1_190' title='bbox 684 3173 850 3229; x_wconf 84' lang='lat' dir='ltr'>concursus</span> <span class='ocrx_word' id='word_1_191' title='bbox 858 3172 897 3229; x_wconf 90' lang='lat' dir='ltr'>ad</span> <span class='ocrx_word' id='word_1_192' title='bbox 910 3174 1051 3232; x_wconf 79' lang='lat' dir='ltr'>amnem?</span> 
     </span>
     <span class='ocr_line' id='line_1_31' title="bbox 194 3269 976 3345; baseline -0.003 -16"><span class='ocrx_word' id='word_1_193' title='bbox 194 3269 311 3345; x_wconf 88' lang='lat' dir='ltr'>Quidve</span> <span class='ocrx_word' id='word_1_194' title='bbox 325 3278 429 3344; x_wconf 91' lang='lat' dir='ltr'>petunt</span> <span class='ocrx_word' id='word_1_195' title='bbox 442 3269 567 3341; x_wconf 88' lang='lat' dir='ltr'>animae,</span> <span class='ocrx_word' id='word_1_196' title='bbox 581 3270 627 3327; x_wconf 90' lang='lat' dir='ltr'>vel</span> <span class='ocrx_word' id='word_1_197' title='bbox 642 3269 882 3343; x_wconf 85' lang='lat' dir='ltr'>quodiscrimine</span> <span class='ocrx_word' id='word_1_198' title='bbox 896 3270 976 3344; x_wconf 89' lang='lat' dir='ltr'>ripas</span> 
     </span>
     <span class='ocr_line' id='line_1_32' title="bbox 193 3365 941 3442; baseline 0 -17"><span class='ocrx_word' id='word_1_199' title='bbox 193 3367 248 3425; x_wconf 89' lang='lat' dir='ltr'>hae</span> <span class='ocrx_word' id='word_1_200' title='bbox 262 3367 405 3442; x_wconf 90' lang='lat' dir='ltr'>linquunt,</span> <span class='ocrx_word' id='word_1_201' title='bbox 420 3366 484 3423; x_wconf 90' lang='lat' dir='ltr'>illae</span> <span class='ocrx_word' id='word_1_202' title='bbox 499 3366 585 3423; x_wconf 91' lang='lat' dir='ltr'>remis</span> <span class='ocrx_word' id='word_1_203' title='bbox 600 3365 676 3423; x_wconf 88' lang='lat' dir='ltr'>vada</span> <span class='ocrx_word' id='word_1_204' title='bbox 689 3365 777 3423; x_wconf 91' lang='lat' dir='ltr'>livida</span> <span class='ocrx_word' id='word_1_205' title='bbox 791 3368 941 3425; x_wconf 72' lang='lat' dir='ltr'>verrunti’</span> 
     </span>
     <span class='ocr_line' id='line_1_33' title="bbox 193 3462 901 3537; baseline -0.003 -14"><span class='ocrx_word' id='word_1_206' title='bbox 193 3464 252 3524; x_wconf 93' lang='lat' dir='ltr'>Olli</span> <span class='ocrx_word' id='word_1_207' title='bbox 266 3463 308 3521; x_wconf 90' lang='lat' dir='ltr'>sic</span> <span class='ocrx_word' id='word_1_208' title='bbox 323 3462 448 3521; x_wconf 89' lang='lat' dir='ltr'>breviter</span> <span class='ocrx_word' id='word_1_209' title='bbox 460 3463 518 3519; x_wconf 84' lang='lat' dir='ltr'>sata</span> <span class='ocrx_word' id='word_1_210' title='bbox 532 3472 575 3520; x_wconf 90' lang='lat' dir='ltr'>est</span> <span class='ocrx_word' id='word_1_211' title='bbox 589 3463 732 3537; x_wconf 89' lang='lat' dir='ltr'>longaeva</span> <span class='ocrx_word' id='word_1_212' title='bbox 746 3463 901 3521; x_wconf 90' lang='lat' dir='ltr'>sacerdos:</span> 
     </span>
     <span class='ocr_line' id='line_1_34' title="bbox 193 3558 904 3635; baseline 0 -17"><span class='ocrx_word' id='word_1_213' title='bbox 193 3564 202 3593; x_wconf 79' lang='lat'><em>⁴</em></span> <span class='ocrx_word' id='word_1_214' title='bbox 216 3559 344 3618; x_wconf 87' lang='lat' dir='ltr'>Anchisa</span> <span class='ocrx_word' id='word_1_215' title='bbox 358 3568 504 3634; x_wconf 89' lang='lat' dir='ltr'>generate,</span> <span class='ocrx_word' id='word_1_216' title='bbox 520 3558 610 3616; x_wconf 93' lang='lat' dir='ltr'>deum</span> <span class='ocrx_word' id='word_1_217' title='bbox 625 3559 786 3618; x_wconf 89' lang='lat' dir='ltr'>certissima</span> <span class='ocrx_word' id='word_1_218' title='bbox 799 3560 904 3635; x_wconf 90' lang='lat' dir='ltr'>proles,</span> 
     </span>
     <span class='ocr_line' id='line_1_35' title="bbox 192 3654 944 3733; baseline -0.003 -16"><span class='ocrx_word' id='word_1_219' title='bbox 192 3657 298 3733; x_wconf 89' lang='lat' dir='ltr'>Cocyti</span> <span class='ocrx_word' id='word_1_220' title='bbox 312 3665 415 3732; x_wconf 88' lang='lat' dir='ltr'>stagna</span> <span class='ocrx_word' id='word_1_221' title='bbox 428 3654 485 3713; x_wconf 87' lang='lat' dir='ltr'>alta</span> <span class='ocrx_word' id='word_1_222' title='bbox 499 3654 579 3714; x_wconf 89' lang='lat' dir='ltr'>vides</span> <span class='ocrx_word' id='word_1_223' title='bbox 594 3656 782 3731; x_wconf 85' lang='lat' dir='ltr'>Stygiamque</span> <span class='ocrx_word' id='word_1_224' title='bbox 796 3656 944 3732; x_wconf 89' lang='lat' dir='ltr'>paludem,</span> 
     </span>
    </p>
   </div>
   <div class='ocr_carea' id='block_1_3' title="bbox 630 3778 805 3829">
    <p class='ocr_par' dir='ltr' id='par_1_6' title="bbox 630 3778 805 3829">
     <span class='ocr_line' id='line_1_36' title="bbox 630 3778 805 3829; baseline 0.023 -4"><span class='ocrx_word' id='word_1_225' title='bbox 630 3778 663 3814; x_wconf 72' lang='lat'>⁸⁰³</span> <span class='ocrx_word' id='word_1_226' title='bbox 673 3782 761 3827; x_wconf 84' lang='lat' dir='ltr'>cumba.</span> <span class='ocrx_word' id='word_1_227' title='bbox 777 3782 805 3829; x_wconf 83' lang='lat' dir='ltr'>R.</span> 
     </span>
    </p>
   </div>
   <div class='ocr_carea' id='block_1_4' title="bbox 1125 281 1246 347">
    <p class='ocr_par' dir='ltr' id='par_1_7' title="bbox 1125 281 1246 347">
     <span class='ocr_line' id='line_1_37' title="bbox 1125 281 1246 347; baseline -0.017 -14"><span class='ocrx_word' id='word_1_228' title='bbox 1125 281 1246 347; x_wconf 69' lang='lat' dir='ltr'>[msam.</span> 
     </span>
    </p>
   </div>
   <div class='ocr_carea' id='block_1_5' title="bbox 0 0 1422 4292">
    <p class='ocr_par' dir='ltr' id='par_1_8' title="bbox 0 0 1422 4292">
     <span class='ocr_line' id='line_1_38' title="bbox 0 0 1422 4292; baseline 0 1"><span class='ocrx_word' id='word_1_229' title='bbox 0 0 1422 4292; x_wconf 95' lang='lat' dir='ltr'> </span> 
     </span>
    </p>
   </div>
  </div>
 </body>
</html>
