2834 4292
150 289 172 339 1.
184 288 254 354 321.]
381 277 447 342 Tae
470 276 611 359 Destiny
633 278 674 359 os
688 276 794 340 Rome
815 273 972 340 Foretola'.

149 465 250 538 Iulius,
265 482 284 521 a
296 480 403 538 magno
420 461 581 521 demissum
593 477 704 554 norpen
719 459 794 519 Iulo.

149 565 243 621 Hunc
256 573 287 620 tu
302 561 372 619 olim
387 559 479 631 caelo,
495 559 594 634 spoliis
608 558 737 617 Orientis
751 566 899 628 onustum,

82 628 128 735 ,st'
147 662 265 762 accipis
280 677 402 745 sequra3
422 656 575 714 vocabitur
588 654 637 712 hic
651 671 770 730 quoque
783 654 868 712 votis.

73 740 83 770 ²
145 761 260 833 Aspera
274 768 336 816 tum
349 757 451 832 positis
465 754 621 812 mitescent
636 751 753 810 saecula
766 750 869 821 bellis;

146 874 225 913 cana
238 855 336 926 Fides,
351 863 382 913 et
393 855 491 928 Vesta,
508 853 607 910 Remo
622 867 692 906 cum
706 848 791 905 tratre
807 845 955 921 Quirinus,

146 954 211 1010 iura
224 951 354 1024 dabunt;
376 951 456 1010 dirae
470 951 546 1008 ferro
560 959 589 1008 et
606 944 797 1020 compagibus
811 944 879 1029 artis

146 1049 321 1108 claudentur
335 1049 407 1106 Belli
419 1058 521 1123 portae
533 1067 541 1119 ;
564 1048 656 1106 Furor
670 1044 777 1118 impius
792 1042 878 1113 intus,

145 1165 236 1205 saeva
249 1145 354 1204 sedens
366 1163 452 1220 super
465 1163 554 1216 arma,
569 1154 599 1202 et
614 1152 735 1202 centum
750 1141 864 1198 vinctus
877 1136 959 1196 a'e'nis

145 1253 216 1319 post
230 1253 342 1318 tergum
356 1241 452 1313 nodis,
467 1242 571 1300 fremet
585 1240 720 1300 horridus
734 1256 785 1296 ore
801 1237 942 1294 cruento!

190 1342 277 1398 Haec
291 1340 340 1411 ait,
355 1349 384 1397 et
399 1339 623 1422 Maiaxgenitum
639 1337 767 1396 demittit
779 1336 818 1394 ab
831 1335 900 1405 alto,

145 1447 181 1496 ut
195 1447 295 1507 terrae,
311 1446 401 1511 utque
416 1453 510 1495 novae
524 1443 643 1511 pateant
658 1433 846 1510 Kartaginis
860 1449 943 1491 arces

146 1535 275 1610 hospitio
289 1534 419 1605 Teucris,
430 1551 468 1592 ne
483 1533 534 1590 sati
547 1533 647 1590 nescia
661 1531 744 1590 Dido

146 1633 255 1691 finibus
269 1641 397 1689 arceret:
418 1631 497 1710 vqlat
510 1629 557 1688 ille
571 1647 624 1706 per
636 1629 705 1688 adra
717 1647 858 1706 magnum

146 1729 270 1804 remigio
285 1729 402 1797 alarum,
417 1745 452 1784 ac
466 1727 576 1802 Libyae
592 1727 666 1786 citus
679 1726 792 1786 adstitit
804 1728 872 1786 oris.

148 1829 189 1885 Et
203 1827 260 1883 iam
274 1825 351 1883 iussa
364 1824 441 1896 facit,
456 1834 628 1899 ponuntque
645 1824 754 1883 ferocia
768 1825 861 1884 Poeni

149 1922 242 1982 corda
254 1922 370 1980 volente
383 1920 442 1979 deo
453 1941 462 1994 3
484 1921 515 1978 in
529 1921 628 1996 primis
641 1920 743 1996 regina
756 1922 889 2000 quietum

148 2019 256 2098 accipit
270 2020 300 2076 in
313 2021 445 2077 Teucros
459 2018 589 2077 animum
602 2027 793 2094 mentemque
806 2020 975 2096 benignam.

189 2119 228 2175 At
240 2116 306 2191 pins
320 2118 444 2186 Aeneas,
460 2132 513 2190 per
526 2125 646 2173 noctem
659 2115 785 2191 plurima
797 2117 926 2190 volvens,

64 2237 72 2248 ·
111 2197 117 2213 '
147 2224 180 2272 ut
195 2214 321 2289 primum
334 2213 384 2271 lux
397 2212 475 2302 alma
488 2211 557 2270 data
570 2221 623 2284 est,
639 2212 718 2272 exire
733 2214 875 2290 locosque

149 2311 299 2387 explorare
313 2327 416 2381 novos,
431 2327 502 2384 quas
515 2319 605 2368 vento
619 2311 776 2369 accesserit
791 2329 865 2382 oras,

149 2409 200 2485 qui
213 2417 340 2479 teneant,
354 2426 424 2466 nam
437 2407 548 2465 inculta
561 2406 650 2479 videt,
667 2407 841 2468 hominesne
856 2411 982 2487 feraene,

116 2523 287 2582 „quaerere
302 2505 461 2577 constituit,
476 2505 621 2579 sociisque
637 2516 741 2566 exacta
754 2509 869 2571 referre.

149 2605 281 2663 Classem
295 2604 325 2662 in
340 2619 473 2661 convexo
487 2619 643 2662 nemorum
657 2603 712 2662 sub
725 2623 798 2681 rupe
815 2619 917 2668 cavata

147 2702 299 2784 arbqribus
314 2701 441 2759 clausam
455 2699 567 2759 circum
579 2709 667 2774 atque
683 2700 867 2764 humentibus
882 2711 992 2772 umbris

148 2798 276 2870 occulit;
298 2799 360 2873 ipse
374 2815 434 2856 uno
447 2796 576 2873 graditur
590 2798 746 2860 comitatus
760 2803 884 2881 Achate,

148 2896 218 2954 bina
231 2913 320 2953 manu
335 2895 393 2952 lato
407 2894 535 2978 crispans
548 2893 663 2976 hastilia
676 2899 762 2975 leno.

190 2993 246 3052 Cui
261 3000 355 3049 mater
368 2989 467 3050 media
480 3009 544 3050 sese
557 2991 622 3050 tulit
636 2995 724 3055 obvia
737 2999 816 3074 silva,

147 3090 265 3165 virginis
279 3107 313 3147 os
328 3087 517 3164 habitumque
531 3111 644 3174 gerens,
660 3106 691 3158 et
704 3100 822 3176 virginis
836 3117 918 3162 anun

149 3183 316 3258 Spartanae,
330 3180 376 3239 vel
391 3180 483 3254 qualis
498 3201 590 3259 equos
603 3188 741 3248 Threissa
754 3191 855 3273 fatigat

149 3279 328 3354 Harpalyce,
341 3279 550 3361 volucremque
565 3287 634 3364 fuga
647 3288 837 3363 praevertitur
851 3287 996 3348 Hebrum.

148 3381 288 3466 Namque
309 3381 477 3466 um'erisde
498 3401 580 3443 more
597 3383 725 3444 habilem
739 3384 932 3461 suspenderat
944 3405 1046 3446 arcum

147 3475 287 3560 venatrix,
303 3475 484 3556 dederatque
502 3499 619 3542 comam
634 3481 798 3564 diffundere
810 3483 914 3556 ventis,

147 3570 229 3630 nuda
242 3591 330 3649 genu,
345 3576 486 3653 nodoque
501 3577 580 3636 sinus
596 3579 721 3638 collecta
734 3578 858 3639 fluentis.

147 3673 194 3730 Ac
207 3672 294 3745 prior,
311 3677 319 3705 ‘
333 3675 438 3760 Hens‘
454 3675 547 3750 inquit
563 3676 710 3746 ‘iuvenes
726 3687 885 3735 monstrate
899 3695 1030 3738 mearum

240 3802 331 3864 mm
349 3802 377 3851 R,
436 3801 471 3836 Μ
481 3801 564 3852 datast.
581 3803 608 3851 R.
667 3802 701 3836 ⁸1⁷
714 3803 815 3852 Eurum.
834 3805 866 3853 H.
