2834 4292
182 312 242 362 100
417 315 465 363 111.
490 298 521 361 T
516 299 557 363 lte
582 300 783 385 Wundering
801 303 843 385 os
849 302 989 367 AEneas.

177 481 249 539 ferte
263 481 339 539 viam
352 492 441 541 vento
456 482 570 541 facilem
585 493 615 542 et
629 485 735 559 spirate
749 485 892 544 secundi.²

177 579 372 638 Crebrescunt
386 589 503 655 optatae
519 598 613 652 aurae,
625 592 784 657 portusque
798 585 922 659 patescit

177 675 236 733 iam
250 677 378 751 propior,
393 678 593 752 templumque
608 678 730 753 adparet
745 682 775 737 in
788 700 854 739 arce
869 684 1029 743 Minervae.

177 772 251 830 Vela
264 774 363 848 legunt
378 774 458 846 socii,
475 785 505 833 et
519 792 618 851 proras
633 776 672 834 ad
685 778 769 836 litora
783 789 929 855 torquent

177 874 280 930 Portus
295 874 332 930 ab
347 891 436 930 euroo
451 873 540 931 fluctu
555 886 689 933 curvatus
703 878 734 934 in
748 896 867 951 arcum;

177 971 311 1029 obiectae
326 970 401 1027 salsa
417 982 553 1045 spumant
567 975 719 1048 aspargine
734 985 853 1049 cautes3

176 1072 239 1146 ipse
254 1071 341 1143 latet,
363 1070 482 1144 gemino
498 1069 654 1128 demittunt
668 1072 807 1129 bracchia
818 1090 902 1132 muro

176 1168 267 1226 turriti
282 1168 404 1243 scopuli,
422 1168 583 1243 refugitque
598 1169 635 1226 ab
650 1168 731 1226 litore
745 1170 897 1245 templum.

177 1267 322 1341 Quattuor
336 1266 393 1337 hic,
409 1266 535 1340 primum
551 1284 649 1337 omen,
665 1284 758 1340 equos
772 1268 802 1324 in
815 1268 948 1342 gramine
960 1267 1022 1327 vidi

175 1364 324 1422 tondentis
340 1381 478 1438 campum
492 1364 558 1435 late,
574 1363 701 1421 candore
716 1364 812 1423 nivali.

177 1464 216 1520 Et
229 1471 312 1537 pater
324 1461 466 1519 Anchises
479 1483 485 1518 :
509 1461 649 1532 ‘Bellum
665 1461 693 1519 Ο
707 1471 783 1518 terra
795 1462 920 1537 hospita,
934 1472 1033 1538 portas
1043 1485 1052 1536 ;

175 1560 252 1619 bello
266 1569 413 1617 armantur
427 1560 503 1633 equi,
519 1558 627 1616 bellum
642 1559 715 1615 haec
729 1569 860 1616 armenta
873 1560 1027 1619 minantur.

176 1657 235 1717 Sed
249 1667 348 1715 tamen
363 1656 442 1714 idem
457 1656 526 1713 olim
541 1674 626 1713 curru
641 1655 799 1714 succedere
813 1657 888 1715 sueti

176 1754 391 1831 quadrupedes,
406 1763 436 1811 et
449 1754 530 1811 frena
544 1754 612 1828 iugo
627 1753 787 1811 concordia
800 1754 893 1827 serre3

176 1871 242 1929 spes
258 1862 286 1909 et
301 1852 399 1927 pacis’
415 1852 463 1909 ait.
505 1852 582 1908 Tum
597 1851 718 1908 numina
731 1860 832 1908 sancta
844 1869 998 1926 precamur

176 1950 299 2008 Palladis
314 1950 486 2020 armisonae,
501 1966 575 2023 quae
591 1949 683 2023 prima
697 1948 813 2022 accepit
826 1949 948 2021 ovantis,

176 2056 206 2105 et
220 2048 317 2121 capita
330 2056 398 2103 ante
413 2065 475 2103 aras
491 2046 616 2120 Phrygio
631 2046 760 2102 velamur
773 2045 901 2117 amictu;

175 2144 397 2219 praeceptisque
414 2142 531 2214 Heleni,
548 2142 669 2200 dederat
684 2160 759 2217 quae
774 2143 910 2215 maxima,
924 2143 978 2201 rite

176 2242 283 2299 Iunoni
298 2241 421 2315 Argivae
437 2240 530 2297 iussos
545 2239 696 2297 adolemus
711 2239 847 2298 honores.

217 2337 309 2395 Haud
323 2355 414 2407 mora,
430 2337 572 2394 continuo
587 2336 722 2411 perfectis
737 2336 840 2394 ordine
854 2338 938 2410 votis,

175 2453 286 2492 cornua
299 2434 459 2492 velatarum
473 2433 650 2491 obvertimus
665 2444 866 2507 antennarum,

175 2533 432 2607 Graiugenumque
448 2531 553 2589 domos
568 2542 762 2607 suspectaque
777 2532 932 2607 linquimus
946 2550 1021 2590 arva

176 2630 258 2687 Hinc
273 2630 351 2687 sinus
367 2629 508 2686 Herculei
527 2628 566 2704 (si
580 2647 648 2685 vera
663 2639 706 2687 est
721 2629 813 2705 fama)
831 2630 950 2687 Tarenti

175 2727 320 2799 cernitur;
342 2725 445 2785 attollit
459 2744 489 2783 se
505 2725 572 2783 diva
587 2726 706 2783 Lacinia
720 2737 831 2799 contra,

175 2824 373 2899 Caulonisque
387 2840 469 2881 arces
484 2833 513 2881 et
527 2814 705 2898 navifragum
717 2824 897 2899 Scylaceum.

173 2924 252 2979 Tum
266 2922 368 2997 procul
383 2940 399 2979 e
415 2921 504 2979 fluctu
519 2922 668 2978 Trinacria
683 2923 809 2979 cernitur
822 2924 925 2993 Aetna,

174 3026 205 3077 et
218 3019 359 3094 gemitum
373 3020 522 3093 ingentem
537 3019 632 3093 pelagi
646 3019 817 3093 pulsataque
831 3038 902 3077 saxa

174 3116 308 3175 audimus
324 3118 410 3192 longe
425 3118 587 3191 fractasque
602 3116 641 3174 ad
656 3118 739 3174 litora
752 3136 849 3188 voces

175 3215 376 3290 exsultantque
391 3214 474 3287 vada,
491 3225 579 3291 atque
594 3225 675 3273 aestu
689 3216 848 3272 miscentur
862 3232 976 3274 arenae.

175 3314 214 3370 Et
227 3323 309 3388 pater
322 3314 464 3371 Anchises
477 3336 483 3371 :
507 3314 669 3371 ‘Nimirum
684 3313 758 3371 haec
773 3313 821 3370 illa
834 3313 1015 3388 Charybdis:

174 3410 228 3467 hos
245 3410 378 3468 Helenus
393 3411 538 3486 scopulos,
555 3411 628 3469 haec
643 3430 713 3468 saxa
727 3410 873 3468 horrenda
887 3412 1021 3469 canebat

175 3508 296 3581 Eripite,
312 3508 340 3567 Ο
355 3509 436 3579 socii,
451 3508 615 3583 pariterque
631 3509 769 3584 insurgite
784 3509 870 3567 remis
884 3511 908 3566 l'

216 3604 306 3662 Haud
322 3606 416 3663 minus
432 3624 466 3662 ac
481 3605 549 3662 iussi
565 3606 682 3676 faciunt,
699 3606 867 3680 primusque
881 3605 1037 3663 rudentem

174 3702 314 3761 contorsit
327 3702 422 3761 laevas
436 3720 553 3777 proram
569 3702 717 3761 Palinurus
732 3701 771 3759 ad
784 3702 897 3761 undas:
1000 3693 1005 3703 ’

590 3827 624 3861 ⁵³⁵
634 3828 761 3872 dimittunt.
778 3828 806 3872 R

1106 313 1234 378 [AEnnrn.
