2834 4292
1364 185 1365 232 l

247 278 308 361 146
679 298 711 345 v.
738 280 850 365 saia.
1178 291 1292 357 [mm.
1364 239 1365 242 ‘

237 456 414 540 'delphinum
428 462 544 537 similes,
559 462 609 540 qui
623 480 677 541 per
689 465 780 523 maria
791 464 894 523 umida
905 466 1007 526 nando

242 559 431 637 Carpathium
446 560 647 637 Libycumque
661 572 773 633 secant,
790 558 970 639 [luduntque
983 580 1039 638 per
1050 561 1179 644 undas]
1254 574 1292 622 5⁹⁵

242 658 334 716 Hunc
349 674 461 716 morem
476 675 576 716 cursus
589 668 677 733 atque
692 658 767 716 haec
781 660 941 716 certamina
952 660 1064 735 primus
1365 649 1366 662 ¹

240 748 392 819 Ascanius,
408 748 542 823 Longam
557 748 644 805 muris
658 766 728 806 cum
742 749 872 824 cingeret
885 750 1000 823 Albam,

240 844 357 916 rettulit,
373 852 403 902 et
416 844 527 919 priscos
542 843 644 903 docuit
658 845 806 905 celebrare
821 847 950 918 latinos,

241 961 301 1018 quo
315 960 389 1017 puer
403 940 466 1017 ipse
481 940 580 1013 modo,
596 959 697 1000 secum
711 960 772 1017 quo
784 944 873 1001 Troia
886 944 1000 1019 pubes3

240 1041 345 1099 Albani
359 1040 488 1099 docuere
503 1055 570 1096 suos
582 1058 591 1110 ;
612 1038 682 1097 hinc
696 1040 824 1098 maxima
835 1056 924 1116 porro

241 1138 356 1213 accepit
371 1140 477 1209 Roma,
492 1147 523 1195 et
537 1136 660 1213 patrium
677 1137 799 1195 servavit
813 1138 975 1213 honorem3

244 1237 393 1311 Troiaque
408 1253 487 1293 nunc
501 1234 593 1310 pueri,
613 1234 776 1293 Troianum
791 1234 897 1293 dicitur
910 1253 1027 1311 agmen.

241 1334 309 1391 Hac
325 1333 470 1391 celebrata
483 1341 567 1389 tenus
583 1340 685 1389 sancto
700 1331 860 1389 certamina
873 1333 957 1407 patri.

281 1434 343 1491 Hic
356 1433 481 1508 primum
496 1432 610 1490 fortuna
625 1430 716 1489 fidem
730 1440 840 1489 munta
853 1432 980 1491 novavit.

241 1532 320 1589 Dum
335 1530 418 1588 variis
432 1529 544 1587 tumulo
558 1528 685 1586 referunt
699 1529 851 1587 sollemnia
863 1528 948 1602 ludis,

241 1629 310 1686 Irim
325 1627 363 1685 de
378 1626 461 1685 caelo
475 1626 552 1685 misit
567 1626 698 1685 Saturnia
713 1627 789 1684 Iuno

240 1726 360 1783 Iliacam
375 1723 414 1781 ad
428 1724 560 1794 classem,
574 1732 736 1797 ventosque
751 1722 879 1799 adspirat
893 1723 982 1795 eunti,

239 1823 331 1880 multa
344 1839 473 1892 movens,
488 1819 617 1878 necdum
631 1820 784 1894 antiquum
798 1830 923 1878 saturata
937 1820 1079 1881 dolorem.

240 1920 302 1991 Illa,
316 1919 393 1977 viam
408 1918 537 1976 celerans
552 1935 604 1991 per
618 1917 695 1974 mille
710 1917 857 1975 coloribus
870 1936 981 1990 arcum,

238 2016 309 2074 nulli
323 2016 385 2074 visa
399 2016 459 2074 cito
474 2014 601 2074 decurrit
615 2014 729 2071 tramite
743 2014 833 2089 virgo.

239 2113 392 2189 Conspicit
406 2113 554 2188 ingentem
570 2128 754 2182 concursum,
770 2120 800 2169 et
814 2110 897 2169 litora
910 2111 1018 2184 lustrat,

238 2210 429 2284 desertosque
444 2208 523 2267 videt
537 2217 637 2283 portus
653 2207 834 2283 classemque
848 2209 989 2269 relictam.

238 2311 277 2366 At
291 2306 392 2383 procul
406 2307 436 2364 in
451 2306 513 2363 sola
526 2313 656 2363 secretae
670 2304 803 2362 Troades
818 2316 884 2363 acta

238 2405 375 2463 amissum
390 2404 538 2462 Anchisen
553 2402 670 2473 flebant,
686 2410 870 2477 cunctaeque
883 2402 1061 2478 profundum

237 2512 361 2578 pontum
376 2501 588 2577 adspectabant
601 2499 714 2557 flentes.
756 2490 770 2530 f
774 2501 845 2558 Heu
859 2509 903 2559 tot
916 2500 992 2559 vada
1004 2502 1087 2560 fessis
1243 2501 1284 2556 ⁶15

238 2610 268 2658 et
282 2610 394 2658 tantum
409 2616 559 2674 superesse
574 2597 660 2654 maris
673 2598 697 2655 l'
719 2614 778 2655 vox
791 2598 926 2656 omnibus
939 2614 1008 2657 una.

237 2698 351 2758 Urbem
364 2706 448 2755 orant
460 2716 466 2765 ;
488 2694 587 2753 taedet
602 2694 695 2769 pelagi
711 2694 836 2769 perferre
850 2694 989 2753 laborem.

239 2796 317 2871 Ergo
331 2794 405 2852 inter
419 2792 530 2851 medias
545 2809 608 2850 sese
624 2790 703 2849 haud
718 2792 817 2866 ignara
830 2791 960 2851 nocendi

238 2892 356 2964 conicit,
371 2900 401 2949 et
414 2890 577 2965 faciemque
593 2889 667 2949 deae
682 2898 852 2965 vestemque
867 2891 1003 2965 reponit;

237 2992 270 3053 fit
285 2992 387 3060 Beroe,
402 2988 511 3045 Tmarii
526 2987 655 3045 coniunx
668 2986 811 3062 longaeva
827 2987 955 3063 Dorycli,

238 3089 286 3147 cui
300 3104 391 3163 genus
406 3095 437 3143 et
450 3084 600 3160 quondam
615 3102 725 3142 nomen
740 3084 858 3159 natique
872 3085 1012 3157 fuissent3

237 3205 272 3244 ac
287 3185 329 3242 sic
345 3180 547 3242 Dardanidum
562 3183 691 3243 mediam
706 3200 739 3240 se
753 3183 891 3241 matribus
905 3182 1008 3239 infert:

278 3284 324 3342 ‘0
339 3282 469 3353 miserae,
484 3300 556 3357 quas
570 3300 630 3340 non
645 3282 767 3340 manus'
783 3280 878 3355 inquit
892 3279 1041 3337 ‘Achaica
1054 3279 1134 3339 bello

236 3381 353 3441 traxerit
368 3380 406 3438 ad
419 3381 510 3439 letum
525 3381 633 3457 patriae
648 3379 704 3438 sub
719 3378 893 3437 moenibus!
932 3378 961 3437 Ο
975 3395 1048 3453 gens

236 3481 344 3553 infelix,
359 3480 406 3537 cui
423 3488 452 3537 te
467 3479 554 3537 exitio
570 3478 699 3537 Fortuna
712 3476 860 3534 reservat?

237 3580 377 3653 Septuma
390 3585 458 3651 post
469 3576 574 3633 Troiae
589 3572 752 3636 exscidium
767 3573 825 3631 iam
838 3573 958 3631 vertitur
969 3582 1074 3646 aestas,

237 3694 306 3735 cum
319 3674 401 3746 freta,
416 3691 484 3731 cum
498 3681 586 3730 terras
601 3689 715 3743 onmes,
729 3680 775 3730 tot
789 3670 936 3747 inhospita
949 3689 1019 3729 saxa

351 3800 385 3836 aa
398 3800 558 3858 carpatium.
574 3800 601 3844 n.
689 3798 722 3832 σοι
742 3799 805 3845 nnc.
820 3799 849 3844 n,
932 3798 1129 3857 calmetam.
1145 3802 1175 3847 ra
