2834 4292
214 319 254 366 22
586 301 748 366 Pastoral
764 302 894 368 Poems.
1152 310 1267 376 [Βυοοι.

212 489 239 546 Α
253 496 282 545 te
297 485 481 563 principium,
496 486 549 546 tibi
563 486 715 546 desinam:
736 487 840 562 accipe
854 486 938 545 iussis

212 583 341 642 carmina
355 564 462 659 coepta
474 585 539 656 tuis,
554 593 642 659 atque
656 583 732 641 hanc
747 584 809 641 sine
823 593 958 660 tempora
970 583 1082 643 circum

211 682 287 739 inter
300 681 433 739 victrices
448 680 587 739 hederam
600 681 653 740 tibi
667 698 784 756 serpere
797 681 902 739 laurus

253 777 371 854 Frigida
383 779 431 836 vix
445 777 527 837 caelo
541 778 636 836 noctis
651 777 818 836 decesserat
831 778 942 850 umbra,

211 893 280 933 cum
293 894 340 935 ros
354 875 386 933 in
398 884 500 934 tenera
513 875 615 951 pecori
627 875 804 950 gratissimus
819 875 917 947 herba,

210 972 384 1030 incumbens
398 972 482 1031 tereti
497 974 616 1030 Damon
630 972 672 1029 sic
686 972 787 1047 coepit
799 972 902 1031 olivae.

210 1070 254 1128 D.
283 1069 422 1140 Nascere,
437 1086 564 1144 praeque
580 1067 660 1126 diem
673 1069 794 1126 veniens
807 1087 872 1144 age,
888 1069 1013 1143 Lucifer,
1027 1069 1145 1141 almum,

118 1209 125 1223 .
210 1166 342 1241 coniugis
357 1165 479 1240 indigno
495 1166 584 1224 Nisae
600 1165 742 1240 deceptus
756 1184 856 1225 amore

210 1261 281 1320 dum
295 1281 409 1338 queror,
424 1272 454 1320 et
468 1262 559 1334 divos,
575 1281 752 1338 quamquam
765 1263 806 1321 nil
820 1264 941 1323 testibus
956 1264 1011 1323 illis

208 1360 330 1436 proieci,
345 1370 475 1418 extrema
488 1361 616 1418 moriens
634 1369 733 1418 tamen
747 1360 891 1436 adloquor
903 1361 986 1421 hora.

250 1457 354 1532 Incipe
369 1457 530 1515 Maenalios
545 1475 672 1528 mecum,
687 1476 754 1515 mea
767 1459 847 1530 tibia,
861 1477 969 1517 versus.

210 1555 363 1613 Maenalus
377 1564 567 1628 argutumque
582 1571 685 1612 nemus
699 1555 845 1630 pinosque
858 1555 1004 1630 loquentis

208 1669 326 1727 semper
339 1651 446 1723 habet;
468 1668 585 1727 semper
598 1661 747 1726 pastorum
761 1651 808 1709 ille
823 1651 905 1710 audit
919 1670 1042 1733 amores,

208 1751 356 1824 Panaque,
372 1748 421 1824 qui
435 1748 545 1823 primus
559 1749 687 1806 calamos
702 1767 764 1806 non
777 1767 879 1824 passus
892 1750 1001 1810 inertis.

248 1845 353 1921 Incipe
367 1845 529 1903 Maenalios
544 1863 671 1916 mecum,
686 1863 753 1903 mea
766 1847 846 1918 tibia,
860 1865 968 1906 versus.

208 1943 318 2017 Mopso
333 1943 407 2000 Nisa
420 1942 521 2000 datur:
544 1941 615 2018 quid
630 1961 691 2000 non
705 1961 854 2018 speremus
869 1945 1022 2002 amantes?

208 2041 368 2115 Iungentur
381 2041 439 2098 iam
453 2058 557 2116 grypes
572 2041 663 2114 equis,
679 2058 810 2115 aevoque
825 2041 958 2115 sequenti

207 2156 276 2194 cum
290 2137 411 2196 canibus
424 2137 518 2196 timidi
532 2138 650 2195 venient
666 2136 704 2195 ad
718 2138 826 2212 pocula
839 2137 986 2197 dammae.

123 2258 125 2262 ·
206 2235 324 2309 Mopse,
338 2253 429 2292 novas
443 2233 541 2293 incide
556 2234 653 2292 faces:
676 2235 730 2292 tibi
744 2233 859 2292 ducitur
871 2254 964 2308 uxor;

206 2349 321 2406 sparge,
336 2331 446 2401 marite,
461 2347 571 2388 nuces:
594 2331 647 2389 tibi
661 2330 769 2389 deserit
784 2333 937 2407 Hesperus
951 2333 1068 2392 Oetam.

246 2428 351 2503 Incipe
366 2426 528 2485 Maenalios
542 2445 669 2498 mecum,
684 2446 751 2485 mea
765 2416 845 2500 tibia,
858 2447 968 2487 versus.

206 2525 234 2585 0
249 2525 339 2600 digno
354 2524 511 2581 coniuncta
524 2524 594 2596 viro,
610 2523 682 2582 dum
697 2523 824 2600 despicis
839 2543 951 2596 omnes,

205 2622 335 2696 dumque
350 2621 402 2678 tibi
416 2629 461 2678 est
474 2619 545 2679 odio
559 2639 627 2679 mea
640 2621 744 2692 fistula,
760 2621 889 2697 dumque
903 2623 1043 2698 capellae,

204 2718 403 2792 hirsutumque
418 2718 605 2792 supercilium
618 2719 820 2793 promissaque
834 2719 932 2790 barba,

203 2833 261 2873 nec
274 2832 375 2873 curare
390 2813 480 2872 deum
494 2814 589 2872 credis
602 2816 737 2873 mortalia
750 2833 927 2890 quemquam
940 2819 947 2873 !

245 2912 349 2988 Incipe
364 2912 527 2970 Maenalios
542 2930 670 2984 mecum,
684 2931 752 2970 mea
766 2913 845 2984 tibia,
859 2931 968 2972 versus.

203 3010 343 3085 Saepibus
359 3009 388 3067 in
403 3009 508 3066 nostris
522 3027 642 3084 parvam
655 3018 684 3067 te
698 3009 816 3092 roscida
829 3010 953 3067 mala—

203 3107 264 3165 dux
277 3125 334 3182 ego
348 3116 443 3165 vester
458 3124 537 3163 eram
546 3105 656 3164 -vidi
670 3125 739 3164 curn
752 3116 844 3164 matre
858 3107 1015 3182 legentem.

202 3205 283 3262 Alter
295 3204 334 3262 ab
348 3202 507 3262 undecimo
522 3212 584 3260 turn
598 3221 646 3261 me
661 3203 720 3261 iam
733 3191 889 3279 acceperat
903 3222 1016 3275 annus3

201 3302 261 3359 iarn
274 3301 379 3376 fragilis
394 3309 528 3375 poteram
541 3300 579 3358 ab
593 3309 668 3357 terra
683 3301 853 3375 contingere
868 3319 974 3359 ramos.

202 3395 245 3458 Ut
257 3396 326 3469 vidi,
341 3406 373 3455 ut
386 3397 479 3473 perii!
514 3398 556 3456 Ut
570 3415 617 3454 me
632 3398 724 3455 malus
738 3396 853 3455 abstulit
868 3415 947 3455 error
959 3399 966 3456 ἔ

242 3495 346 3570 Incipe
362 3494 525 3553 Maenalios
540 3512 666 3566 mecum,
682 3513 749 3552 mea
761 3495 840 3565 tibia,
854 3512 963 3553 versus.

202 3592 291 3651 Nunc
305 3592 376 3664 scio,
392 3591 464 3666 qnid
478 3591 514 3649 sit
528 3594 636 3649 Amor:
661 3590 740 3648 duris
755 3591 784 3648 in
799 3591 913 3649 cotibus
927 3591 1007 3649 illum

240 3713 262 3746 11
273 3714 367 3759 desinet.
384 3714 417 3760 H.
475 3711 498 3745 ²⁰
509 3713 632 3783 adloquar.
648 3711 676 3759 R.
734 3711 871 3770 ”pyphea
887 3712 920 3761 H.

240 3787 263 3821 ¹⁴
273 3789 342 3833 coelo.
359 3790 391 3834 H.
732 3785 755 3819 ²⁸
767 3787 849 3844 incipe,
859 3792 910 3841 etc..
921 3787 1025 3833 inserted
1034 3787 1082 3834 bet.
1093 3791 1121 3833 28
1131 3789 1180 3834 and
1190 3803 1226 3846 ²9·
