2834 4292
176 289 240 338 eci.
257 287 322 353 ni]
614 280 793 346 Palemon.

175 463 309 522 sensibus
323 463 397 522 haec
412 464 487 538 imis,
501 482 547 524 res
562 475 681 524 estnon
695 483 793 541 parva,
806 483 942 542 reponas

173 560 210 617 P.
239 559 348 632 Dicite,
363 561 606 637 quandoquidem
620 563 651 620 in
665 563 745 620 molli
759 562 948 622 consedimus
962 561 1071 622 herba:

174 665 206 714 et
219 674 300 714 nunc
314 658 409 716 omnis
423 677 501 734 ager,
516 677 596 718 nunc
610 659 706 718 omnis
721 660 842 734 parturit
854 660 949 730 arbos,

173 771 256 812 nunc
269 753 407 812 frondent
420 755 518 826 silvae,
533 774 612 814 nunc
627 757 854 814 formosissimus
867 774 971 814 annus.

216 851 330 926 Incipe,
346 852 514 924 Damoeta3
536 862 567 910 tu
581 852 691 911 deinde
706 869 830 928 sequere
845 853 1001 912 Menalca:

174 947 293 1005 alternis
307 946 431 1022 dicetis;
454 959 553 1006 amant
567 949 678 1007 alterna
692 949 852 1008 Camenae.

173 1045 218 1102 D.
247 1044 294 1102 Ab
309 1045 380 1102 love
394 1045 581 1120 principium,
597 1047 723 1117 Musae;
746 1046 824 1105 Iovis
837 1047 938 1106 omnia
950 1047 1057 1123 plena:

174 1141 222 1198 ille
239 1141 309 1199 colit
322 1150 420 1213 terras,
436 1142 476 1200 illi
491 1159 558 1200 mea
572 1143 702 1200 carmina
716 1160 813 1201 curae.

174 1238 222 1295 M.
252 1239 292 1295 Et
306 1255 354 1295 me
369 1238 507 1297 Phoebus
521 1248 620 1311 amat;
642 1238 765 1299 Phoebo
778 1257 833 1298 sua
844 1258 962 1316 semper
974 1239 1055 1316 apud
1068 1257 1117 1300 me

175 1352 298 1393 munera
312 1345 387 1406 sunt,
402 1335 474 1392 lauri
488 1344 518 1393 et
532 1353 619 1394 suave
633 1337 742 1394 rubens
756 1336 939 1412 hyacinthus.

174 1432 218 1490 D.
247 1431 330 1490 Malo
345 1450 392 1489 me
407 1432 531 1491 Galatea
543 1433 626 1508 petit,
641 1433 749 1491 lasciva
761 1434 868 1509 puella,

174 1539 204 1586 et
219 1529 292 1603 fugit
306 1528 344 1586 ad
359 1529 471 1601 salices,
486 1539 517 1587 et
530 1547 562 1588 se
577 1531 659 1606 cupit
671 1541 740 1588 ante
754 1530 856 1590 videri.

173 1625 223 1683 M.
251 1628 290 1683 At
304 1626 375 1683 mihi
389 1644 453 1684 sese
469 1627 553 1684 offert
568 1627 651 1698 ultro,
667 1645 750 1686 meus
764 1628 848 1702 ignis,
862 1631 1013 1704 Amyntas,

173 1722 274 1780 notior
287 1732 319 1780 ut
333 1723 391 1780 iam
406 1724 442 1781 sit
456 1723 578 1782 canibus
592 1742 653 1782 non
667 1724 755 1783 Delia
767 1726 881 1783 nostris.

173 1819 219 1876 D.
249 1821 335 1877 Parta
348 1837 432 1878 meae
446 1821 554 1878 Veneri
569 1830 637 1878 sunt
651 1839 790 1881 munera:
812 1839 941 1896 namque
953 1823 1052 1880 notavi

173 1917 239 1990 ipse
254 1916 362 1987 locum,
377 1917 471 1975 adriae
486 1935 547 1993 quo
561 1935 736 1992 congessere
750 1918 911 1994 palumbes.

173 2013 223 2070 M.
253 2012 344 2086 Quod
358 2013 450 2088 potui,
465 2032 557 2090 puero
572 2014 692 2072 silvestri
707 2033 745 2072 ex
758 2015 860 2074 arbore
877 2017 955 2075 lecta

174 2127 265 2168 aurea
278 2110 355 2167 mala
368 2110 475 2168 decem
490 2111 555 2170 misi
565 2131 574 2184 ;
596 2129 659 2170 cras
674 2112 765 2170 altera
778 2113 901 2172 mittam.

173 2207 219 2266 D.
249 2207 277 2266 O
292 2208 427 2282 quotiens
442 2218 471 2266 et
486 2225 562 2283 quae
576 2207 662 2266 nobis
676 2209 799 2268 Galatea
812 2209 911 2269 locuta
924 2221 969 2270 est
981 2214 989 2270 l

175 2306 293 2362 Partem
306 2305 443 2380 aliquam,
457 2305 546 2376 venti,
561 2305 661 2364 divom
675 2306 805 2364 reseratis
818 2306 857 2365 ad
870 2308 946 2366 auris
959 2311 966 2366 l

174 2402 223 2459 M.
253 2400 334 2474 Quid
348 2402 478 2476 prodest,
493 2401 576 2477 quod
590 2420 638 2460 me
653 2403 717 2477 ipse
732 2403 831 2462 animo
845 2422 906 2462 non
919 2405 1041 2480 spernis,
1056 2407 1192 2483 Amynta,

175 2499 210 2569 si,
226 2497 298 2556 dum
312 2508 344 2557 tu
358 2499 476 2558 sectaris
490 2517 585 2574 apros,
601 2517 657 2575 ego
671 2501 745 2558 retia
757 2502 862 2558 servo?
1201 2536 1230 2582 75

174 2596 220 2654 D.
250 2595 382 2670 Phyllida
395 2597 477 2654 mitte
492 2597 581 2654 mihi:
605 2615 688 2656 meus
701 2607 747 2655 est
760 2598 871 2669 natalis,
887 2599 979 2673 Iolla;

176 2711 248 2751 cum
262 2692 367 2750 faciam
381 2693 470 2751 vitula
484 2711 538 2768 pro
552 2694 690 2769 frugibus,
705 2695 769 2769 ipse
783 2696 890 2753 venito.

175 2789 224 2846 M.
255 2788 387 2864 Phyllida
400 2807 468 2847 amo
483 2801 551 2848 ante
565 2791 654 2864 alias,
677 2810 747 2850 nam
761 2809 809 2849 me
824 2792 977 2852 discedere
991 2792 1078 2866 flevit,

176 2897 207 2944 et
221 2885 342 2960 longum
356 2887 504 2957 Formose,
520 2889 593 2958 vale,
608 2890 682 2959 vale,
697 2889 801 2963 inquit,
815 2889 900 2947 Iolla.

176 2983 222 3042 D.
252 2983 346 3040 Triste
362 2983 447 3058 lupus
462 2984 590 3056 stabulis,
605 2987 725 3044 maturis
739 2986 868 3062 frugibus
882 2987 998 3047 imbres.
1203 3012 1225 3055 u

176 3079 327 3138 arboribus
342 3081 430 3151 venti,
444 3081 530 3139 nobis
544 3081 730 3156 Amaryllidis
744 3083 812 3142 irae.

176 3177 224 3234 M.
254 3176 351 3235 Dulce
366 3177 434 3234 satis
449 3196 542 3249 umor,
558 3177 687 3253 depulsis
701 3180 820 3238 arbutus
835 3179 946 3252 haedis,

176 3273 257 3330 lenta
270 3273 341 3331 salix
355 3273 415 3332 feto
429 3275 540 3350 pecori,
555 3275 625 3332 mihi
639 3277 719 3334 solus
732 3279 882 3352 Amyntas.

175 3371 220 3427 D.
251 3369 343 3428 Pollio
357 3380 435 3428 amat
449 3380 587 3443 nostram,
603 3373 735 3447 quamvis
749 3384 794 3432 est
806 3374 922 3446 rustica,
939 3377 1075 3436 Musam:

179 3465 318 3537 Pierides,
333 3467 451 3525 vitulam
466 3467 566 3526 lectori
581 3470 692 3544 pascite
707 3479 814 3529 vestro.
1205 3499 1234 3556 ⁸5

178 3563 225 3622 M.
254 3562 347 3621 Pollio
362 3573 392 3622 et
405 3564 467 3640 ipse
482 3564 551 3623 facit
565 3583 642 3624 nova
656 3568 804 3626 carmina:
826 3570 939 3644 pascite
953 3580 1078 3644 taurum,

283 3764 379 3824 ⁸²aput.
395 3767 424 3813 R.
523 3766 648 3815 ⁸²humor.
665 3770 698 3816 H.
800 3769 951 3829 “Pollam
960 3772 1069 3830 always).
1090 3774 1118 3820 R.
