2834 4292
119 301 152 352 v.
165 301 239 369 865.]
380 294 531 377 Neptune
552 294 695 359 Attendr
719 297 773 359 tlte
798 295 930 379 Voyagc.

122 496 236 536 cornua
250 477 506 553 detorquentque;
528 479 623 538 serunt
636 498 689 539 sua
703 479 821 539 flamina
834 481 968 539 classem.

122 576 266 650 Princeps
280 585 348 633 ante
363 592 467 633 omnes
481 575 607 635 densum
622 578 772 635 Palinurus
785 578 891 652 agebat

121 691 252 748 agmen;
273 671 313 730 ad
328 673 407 732 hunc
421 673 469 731 alii
483 691 599 731 cursum
614 672 796 731 contendere
809 674 888 732 iussi.

163 772 290 845 Iamque
304 770 365 828 sere
379 769 507 827 mediam
522 770 595 827 caeli
611 770 681 828 Nox
694 770 817 828 humida
830 781 939 829 metam

122 868 307 945 contigerat3
329 867 446 943 placida
459 867 595 926 laxabant
610 868 742 926 membra
755 868 853 942 quiete

121 967 178 1023 sub
192 964 282 1023 remis
296 964 351 1021 fusi
365 982 418 1039 per
432 963 505 1022 dura
517 962 620 1021 sedilia
633 974 757 1022 nautae:

121 1082 192 1120 cum
206 1062 279 1119 levis
292 1060 426 1119 aetheriis
441 1060 578 1136 delapsus
593 1061 720 1119 Somnus
733 1060 772 1119 ab
786 1059 869 1118 astris

120 1161 191 1218 adra
204 1159 329 1216 dimovit
342 1159 532 1216 tenebrosum
546 1167 575 1215 et
589 1156 708 1232 dispulit
723 1157 850 1227 umbras,

120 1268 160 1330 te,
177 1256 322 1327 Palinure,
336 1265 449 1331 petens,
463 1254 517 1313 tibi
531 1256 646 1314 somnia
658 1254 750 1313 tristia
763 1263 884 1329 portans

120 1354 252 1426 insonti;
273 1353 424 1428 puppique
439 1351 513 1410 deus
528 1352 663 1411 consedit
676 1353 707 1410 in
722 1352 789 1423 alta,

120 1451 284 1511 Phorbanti
298 1450 407 1521 similis,
422 1448 577 1524 funditque
594 1449 646 1507 has
660 1435 711 1508 ore
726 1449 876 1525 loquelas:

120 1547 241 1607 ‘Iaside
257 1547 399 1619 Palinure,
413 1547 509 1604 serunt
522 1548 586 1621 ipsa
599 1565 727 1621 aequora
743 1548 885 1619 classem

118 1655 266 1721 aequatae
280 1644 389 1719 spirant
403 1661 489 1701 aurae
501 1663 510 1715 ;
531 1642 617 1704 datur
632 1643 703 1702 hora
716 1644 816 1719 quieti.

118 1747 205 1802 Pone
220 1754 319 1817 caput,
333 1742 485 1815 fessosque
499 1740 601 1799 oculos
615 1742 710 1799 furare
724 1741 834 1800 labori:

116 1844 186 1916 ipse
201 1856 259 1913 ego
272 1838 419 1913 paulisper
432 1855 486 1912 pro
501 1848 529 1895 te
544 1848 595 1896 tua
609 1856 732 1897 munera
745 1839 846 1898 inibo!

117 1937 180 1998 Cui
193 1937 243 1994 vix
258 1936 390 1993 attollens
406 1935 555 1992 Palinurus
571 1935 681 1993 lumina
694 1937 787 1994 satur:

116 2036 234 2093 ‘Mene
249 2032 314 2090 salis
328 2032 436 2108 placidi
450 2032 560 2090 voltum
575 2032 739 2108 fluctusque
754 2034 870 2108 quietos

114 2135 256 2208 ignorare
270 2129 374 2187 iubes?
415 2130 505 2186 Mene
520 2128 588 2186 huic
604 2130 754 2187 confidere
770 2131 921 2189 monstro?

115 2233 247 2288 Aenean
260 2225 380 2284 credam
394 2224 466 2300 quid
481 2226 560 2283 enim
575 2225 725 2285 fallacibus
741 2228 816 2285 auris

115 2337 148 2385 et
163 2324 260 2395 caelo,
276 2324 383 2381 totiens
397 2321 540 2398 deceptus
556 2323 657 2382 fraude
672 2325 806 2383 sereni?'

158 2422 247 2482 Talia
260 2420 340 2478 dicta
353 2419 451 2491 dabat,
467 2420 640 2495 clavumque
656 2421 758 2480 affixus
773 2432 803 2480 et
816 2422 939 2479 haerens

114 2538 269 2595 nusquam
283 2517 442 2588 amittebat,
457 2518 619 2592 oculosque
634 2520 689 2578 sub
704 2529 780 2578 astra
793 2518 920 2578 tenebat.

115 2617 203 2677 Ecc'e
220 2614 295 2673 dens
309 2632 422 2671 ramum
438 2614 568 2672 lethaeo
584 2632 648 2672 rore
665 2615 844 2687 madentem,

112 2716 207 2790 vique
223 2721 394 2787 soporatum
408 2711 514 2786 Stygia,
532 2729 619 2786 super
633 2722 755 2788 utraque
770 2722 887 2789 quassat

79 2822 267 2891 ‘tempora
282 2809 489 2882 cunctantique
504 2809 634 2867 natantia
650 2810 760 2868 lumina
773 2810 865 2869 solvit.

113 2912 174 2967 Vix
189 2903 304 2983 primos
318 2905 439 2980 inopina
452 2904 536 2979 quies
552 2906 698 2965 laxaverat
713 2916 800 2977 artus,

115 3018 144 3065 et
159 3002 440 3079 superincumbens
456 3021 524 3061 cnm
538 3005 646 3079 puppis
660 3015 741 3079 parte
755 3004 876 3075 revolsa,

115 3118 251 3176 cumque
266 3099 453 3175 gubernaclo,
467 3100 592 3175 liquidas
607 3102 731 3176 proiecit
744 3102 775 3158 in
788 3101 882 3159 undas

114 3197 314 3275 praecipitem
327 3215 363 3254 ac
377 3197 473 3256 socios
489 3198 668 3273 nequiquam
683 3216 771 3273 saepe
785 3205 961 3269 vocantem

115 3298 181 3373 ipse
196 3294 301 3353 volans
316 3303 419 3353 tenues
433 3312 464 3353 se
480 3294 596 3352 sustulit
609 3295 667 3351 ales
683 3294 722 3351 ad
737 3313 829 3353 auras.

117 3393 217 3454 Currit
231 3392 287 3452 iter
300 3401 395 3451 tutum
409 3410 471 3449 non
485 3392 581 3450 secius
595 3409 723 3465 aequore
738 3392 846 3462 classis,

116 3490 331 3568 promissisque
345 3490 434 3565 patris
449 3489 582 3564 Neptuni
596 3489 724 3546 interrita
737 3488 835 3547 fertur.
853 3500 858 3507 ·

156 3592 287 3663 Iamque
301 3587 379 3646 adeo
393 3587 531 3662 scopulos
546 3586 679 3645 Sirenum
693 3585 819 3644 advecta
833 3584 958 3657 subibat,

119 3686 255 3747 difficiles
269 3683 422 3760 quondam
436 3684 652 3759 multorumque
668 3683 781 3741 osstnus
795 3683 887 3754 albos,

280 3812 314 3848 ⁸⁸⁶
324 3813 446 3859 laxarunt.
463 3813 495 3859 H.
611 3809 643 3845 ⁸⁸¹
654 3811 723 3857 caeli.
739 3811 772 3857 H.
888 3808 920 3844 Μ
930 3810 1006 3854 setius.
1024 3810 1052 3855 R.
