2834 4292
163 313 183 361 1.
198 310 268 377 522]
420 301 488 365 Tae
508 301 673 365 Pictured
693 302 793 384 Story
814 305 856 386 of
876 301 965 386 Troy.

164 488 302 570 Eqasque
317 485 395 559 acies
410 495 440 543 et
453 485 527 561 nigri
541 487 712 544 Memnonis
726 505 816 545 arma

163 585 255 642 Ducit
269 582 484 642 Amazonidum
498 583 603 660 lunatis
618 583 737 658 agmina
749 583 835 658 peltis

162 681 349 739 Penthesilea
362 681 468 750 furens,
483 679 647 754 mediisque
662 679 692 737 in
706 679 823 738 milibus
836 679 929 754 ardet,

160 795 250 836 aurea
264 777 442 836 subnectens
456 786 587 834 exsertae
602 776 720 852 cingula
733 795 890 851 mammae,

160 875 302 963 bellptrix,
317 872 464 948 audetque
478 874 544 930 viris
560 891 735 932 concurrere
750 874 839 949 virgo.

203 972 290 1029 Haec
305 970 377 1028 dum
391 969 542 1028 Dardanio
556 973 675 1028 Aeneae
690 970 825 1028 miranda
837 969 982 1043 videntur,

160 1069 234 1126 dum
248 1076 355 1142 stupet,
370 1067 531 1141 obtutuque
546 1067 647 1156 haqret
661 1065 775 1125 defixus
789 1067 820 1124 in
834 1086 904 1139 uno,

157 1167 263 1240 regina
276 1164 315 1222 ad
329 1164 481 1238 templum,
496 1163 590 1221 forma
603 1163 799 1238 pulcherrirna
814 1163 905 1236 Dido,

121 1264 281 1354 ‘ir-messit
294 1279 401 1336 magna
414 1261 552 1318 iuvenum
566 1261 693 1334 stipante
709 1272 834 1320 caterva.

159 1360 264 1433 Qualis
279 1360 308 1416 in
323 1359 452 1416 Eurotae
465 1359 535 1433 ripis
550 1369 600 1417 aut
612 1377 666 1434 per
679 1359 747 1434 iuga
761 1359 872 1435 Cynthi

158 1466 278 1515 exercet
294 1457 391 1513 Diana
405 1455 521 1526 choros,
535 1473 625 1530 quam
639 1457 718 1514 mille
731 1466 851 1514 secutae

156 1554 229 1612 hinc
244 1562 331 1627 atque
346 1553 415 1610 hinc
430 1551 627 1626 glomerantur
640 1552 783 1623 oreades;
804 1554 853 1612 illa
867 1553 1033 1629 pharetram

157 1652 216 1708 sert
241 1667 353 1720 umer0,
376 1648 571 1724 gradiensque
586 1649 657 1708 deas
672 1652 870 1725 supereminet
885 1651 1001 1710 omnis:

157 1749 292 1806 Latonae
306 1747 427 1804 tacitum
440 1755 639 1822 pertemptant
653 1747 761 1826 gaqdia
774 1757 898 1823 pectus:

158 1845 225 1903 talis
240 1853 301 1901 erat
316 1842 407 1916 Dido,
421 1843 509 1902 talem
523 1859 556 1901 se
570 1843 646 1901 laeta
659 1844 772 1902 serebat

156 1961 214 2018 per
227 1940 351 2012 medios,
365 1941 475 2024 instans
489 1941 571 2016 operi
584 1941 740 2016 regnisque
753 1942 863 2002 futuris

154 2041 235 2098 Tum
250 2039 358 2096 foribus
373 2036 466 2109 divae,
481 2036 581 2096 media
593 2037 742 2096 testudine
756 2039 868 2115 templi,

156 2147 260 2211 saepta
275 2135 369 2206 armis,
385 2135 517 2210 solioque
531 2135 588 2192 alte
603 2135 728 2193 subnixa
741 2136 858 2195 resedit.

155 2236 227 2292 Iura
241 2232 330 2291 dabat
343 2233 482 2318 legesque
495 2232 572 2303 viria,
587 2250 770 2308 operumque
784 2233 915 2293 laborem

154 2330 286 2405 partibus
301 2329 446 2404 aequabat
460 2329 550 2401 iustis,
566 2339 616 2387 aut
631 2338 708 2387 sorte
725 2330 876 2390 trahebat:

155 2446 226 2485 cum
241 2427 338 2484 subito
352 2427 468 2484 Aeneas
482 2444 629 2484 concursu
644 2426 788 2486 accedere
802 2447 910 2504 magno

58 2563 60 2566 -
155 2524 274 2582 Anthea
288 2524 511 2598 Sergestumque
525 2522 608 2581 videt
621 2524 785 2600 sortemque
802 2525 990 2598 Cloanthum,

154 2624 397 2695 Teucrorumque
411 2621 491 2691 alios
507 2630 569 2678 ater
583 2638 657 2695 quos
671 2639 799 2697 aequore
813 2625 900 2682 turbo

155 2719 316 2794 dispulerat
329 2718 505 2801 penitusque
518 2718 587 2776 alias
602 2729 738 2776 avexerat
750 2737 826 2779 oras.

156 2815 306 2891 Obstipuit
320 2814 406 2873 simul
420 2815 482 2890 ipse
496 2815 582 2873 simul
596 2815 747 2894 percqlsus
761 2817 889 2876 Achates

153 2914 323 2988 laetitiaque
337 2921 497 2987 metuque,
518 2912 595 2971 avidi
611 2914 790 2990 coniungere
806 2914 923 2974 dexuas

153 3011 299 3070 ardebant
310 3031 317 3081 ;
338 3009 392 3068 sed
405 3027 451 3068 res
466 3011 580 3069 animos
594 3011 746 3087 incognita
759 3013 865 3074 turbat.
898 3050 901 3055 ·

154 3108 356 3189 Dissimulant,
371 3116 402 3165 et
414 3107 493 3166 nube
507 3125 579 3165 cava
593 3112 781 3183 speculantur
794 3110 903 3183 amicti,

154 3223 231 3282 quae
246 3205 364 3263 fortuna
376 3203 451 3276 viris,
466 3205 590 3264 classem
605 3225 664 3282 quo
679 3207 763 3265 litore
778 3207 920 3282 linquant,

153 3302 226 3378 quid
239 3302 378 3375 veniant,
400 3303 514 3361 cunctis
527 3323 597 3362 narn
611 3303 679 3362 lecti
693 3305 814 3363 navibus
829 3305 919 3377 ibant,

152 3408 272 3458 orantes
285 3399 411 3472 veniam,
426 3408 456 3458 et
469 3400 611 3477 templum
627 3401 755 3459 clamore
769 3401 920 3477 petebant.

194 3499 357 3570 Postquam
371 3497 538 3573 introgressi
553 3507 583 3554 et
598 3515 698 3556 coram
713 3499 783 3556 data
796 3499 884 3574 copia
897 3499 988 3572 fandi,

152 3612 310 3654 maxumus
324 3593 453 3652 Ilioneus
468 3593 585 3669 placido
600 3595 642 3652 sic
656 3604 777 3669 pectore
792 3597 910 3671 coepit:

152 3693 201 3754 ‘O
215 3691 342 3767 Regina,
355 3707 464 3750 novam
478 3691 527 3749 cui
541 3690 671 3750 condere
686 3692 820 3769 Iuppiter
833 3694 937 3753 urbem

270 3817 306 3853 ’Μ
315 3822 417 3872 exertae.
434 3817 462 3864 R
588 3817 624 3851 ³⁰³
633 3834 645 3863 e
655 3823 704 3866 test.
721 3820 749 3867 R
879 3819 1051 3879 ⁸1⁸percussus.
1067 3823 1096 3870 k
