2834 4292
147 315 182 365 11.
195 314 266 381 765.]
311 302 427 389 Flagrat
448 304 490 387 os
503 275 636 369 AEneas
658 304 742 367 with
763 303 818 367 his
839 304 1037 371 Houseltold
1162 310 1200 373 81

145 490 224 549 visus
238 489 343 548 adesse
358 488 470 565 pedum
484 489 605 560 sonims,
620 488 792 564 genitorque
807 506 861 565 per
874 490 1008 549 umbram

145 588 338 663 prospiciens,
355 587 470 644 ‘Nate'
486 586 639 657 exclamat,
655 586 740 661 ‘fuge
756 596 833 658 nate,
848 587 1057 663 propinquant.

143 684 283 743 Ardentis
298 685 409 759 clipeos
423 692 511 759 atque
525 700 594 741 aera
606 683 747 741 micantia
759 702 849 742 cerno
863 686 938 742 l'-

144 783 207 839 Hic
222 782 296 841 mihi
309 782 411 840 nescio
426 780 509 856 quod
522 780 638 855 trepido
652 781 730 839 male
744 798 855 840 numen
869 781 998 839 amicum

142 880 298 937 confusam
312 879 417 954 eripuit
431 888 572 937 mentem.
616 879 754 953 Namque
770 878 834 934 avia
847 896 934 935 cursu

142 976 216 1034 dum
230 994 348 1051 sequor,
363 985 393 1034 et
406 986 477 1035 nota
491 975 607 1034 excedo
620 976 741 1051 regione
751 976 872 1046 viarum,

139 1073 210 1145 heu,
225 1074 335 1131 misero
349 1074 479 1132 coniunx
492 1074 593 1131 fatone
607 1083 708 1147 erepta
722 1073 835 1132 Creusa

139 1170 278 1241 substitit,
294 1171 435 1228 erravitne
449 1172 504 1242 via,
519 1188 572 1229 seu
586 1171 660 1227 lassa
674 1168 793 1241 resedit,
803 1158 826 1240 χ’
844 1171 848 1184 ’

138 1268 308 1340 incertum,
329 1285 386 1325 nec
401 1276 467 1343 post
482 1268 574 1326 oculis
589 1277 633 1325 est
646 1266 764 1325 reddita
778 1268 892 1326 nostris.

139 1350 209 1421 Nec
224 1364 303 1439 prius
317 1366 453 1422 amissam
467 1366 581 1439 respexi
596 1366 786 1440 animumque
799 1364 909 1436 reflexi,

137 1480 232 1535 quam
246 1462 391 1519 tumulum
405 1463 543 1537 antiquae
558 1463 672 1521 Cereris
686 1461 849 1537 sedemque
864 1474 1007 1522 sacratarn

136 1558 294 1631 venimus;
317 1558 365 1616 hic
379 1557 500 1617 demum
515 1560 645 1617 collectis
660 1560 796 1618 omnibus
810 1579 870 1617 una

136 1654 244 1727 defuit,
259 1665 289 1713 et
303 1657 427 1713 comites
441 1666 600 1731 natumque
615 1657 768 1731 virumque
783 1658 891 1715 fefellit.

138 1753 242 1825 Quem
256 1770 317 1811 non
331 1753 461 1810 incusavi
476 1771 577 1811 amens
592 1753 804 1829 hominumque
819 1755 1012 1831 deorumque,

134 1859 190 1906 aut
204 1848 277 1923 quid
291 1850 321 1908 in
336 1867 437 1908 eversa
449 1848 510 1907 vidi
524 1849 669 1909 cmdelius
683 1852 778 1910 urbe?

134 1946 300 2003 Ascanium
313 1946 522 2021 Anchisenque
538 1956 651 2021 patrem
665 1949 854 2025 Teucrosque
871 1951 987 2010 Penatis

134 2042 321 2101 commendo
335 2042 423 2101 sociis
438 2053 468 2101 et
482 2062 570 2101 curva
582 2044 655 2101 valle
668 2045 821 2120 recondo;

133 2142 202 2215 ipse
216 2140 319 2199 urbem
333 2150 435 2216 repeto
450 2150 480 2199 et
494 2142 596 2216 cingor
608 2142 785 2217 fulgentibus
798 2144 895 2202 armis.

134 2239 202 2295 Stat
216 2254 300 2295 casus
314 2255 453 2295 renovare
468 2238 573 2309 omnis,
589 2256 768 2314 omnemque
783 2241 888 2299 reverti

132 2352 191 2409 per
204 2333 333 2405 Troiam,
349 2344 379 2393 et
392 2353 488 2393 rursus
503 2345 592 2411 caput
606 2336 755 2395 obiectare
769 2340 896 2413 periclis,

46 2354 327 2505 ssfflpnncipio
340 2449 438 2489 muros
453 2432 636 2507 obscuraque
650 2434 751 2493 limina
764 2446 879 2510 portae,

133 2546 197 2602 qua
210 2545 341 2602 gressum
356 2529 524 2601 extuleram,
539 2541 651 2606 repeto,
667 2542 697 2589 et
711 2534 833 2609 vestigia
846 2545 923 2594 retro

133 2625 292 2683 observata
306 2642 412 2700 sequor
426 2644 479 2701 per
491 2638 611 2687 noctem
626 2638 656 2686 et
671 2629 781 2687 lumine
795 2631 894 2689 lustro.

134 2723 253 2779 Horror
266 2722 376 2798 ubique
391 2722 499 2795 animo,
514 2724 600 2783 simul
613 2725 677 2800 ipsa
690 2727 805 2785 silentia
817 2737 935 2789 terrent

133 2817 214 2876 Inde
230 2817 361 2891 domurn,
377 2820 401 2878 si
414 2820 488 2878 sorte
502 2820 620 2897 pedem,
635 2824 660 2880 si
673 2823 748 2882 sorte
762 2824 882 2897 tulisset,

133 2933 185 2973 me
199 2915 312 2975 refero:
334 2917 483 2976 inruerant
497 2919 601 2990 Danai,
617 2930 647 2977 et
661 2930 774 2980 tectum
788 2941 877 2981 omne
892 2924 1040 2984 tenebant

133 3014 223 3071 Ilicet
238 3014 311 3088 ignis
325 3014 402 3073 edax
416 3034 531 3074 summa
543 3017 582 3076 ad
596 3019 708 3093 fastigia
721 3030 811 3078 vento

133 3110 277 3183 volvitur,
300 3122 474 3187 exsuperant
488 3113 631 3185 flammae,
647 3117 714 3174 furit
728 3127 825 3176 aestus
839 3117 879 3176 ad
892 3136 984 3179 auras.

134 3205 272 3265 Procedo
286 3216 316 3265 et
330 3208 436 3266 Priami
450 3209 536 3269 sedes
551 3230 708 3286 arcemque
723 3215 828 3274 reviso.

135 3304 248 3361 Etiam
262 3305 421 3379 porticibus
435 3308 534 3366 vacuis
551 3310 673 3367 Iunonis
688 3312 768 3386 asylo

134 3398 275 3459 custodes
289 3401 358 3460 lecti
372 3403 505 3463 Phoenix
520 3414 549 3463 et
563 3406 642 3464 dims
657 3408 759 3465 Ulixes

134 3497 276 3571 praedam
291 3497 492 3559 adservabant.
536 3502 608 3561 Huc
622 3503 754 3579 undique
768 3505 858 3563 Troia
870 3524 942 3581 gaza

134 3595 261 3653 incensis
277 3606 380 3671 erepta
393 3596 495 3673 adytis,
511 3618 690 3674 mensaeque
705 3601 839 3676 deorum,

134 3702 319 3768 crateresque
334 3711 404 3751 auro
419 3695 513 3769 solidi,
529 3698 701 3772 captivaque
716 3701 805 3758 vestis

568 3822 603 3857 '¹⁸⁸
608 3825 662 3883 sato
674 3827 714 3873 mi.
729 3827 759 3873 R.
