2834 4292
215 284 257 365 78
541 298 576 345 n.
603 278 670 343 The
690 276 771 342 Fall
788 277 831 360 eff
850 276 942 358 Troy.
1147 282 1271 347 [lesan.

213 476 244 525 et
258 463 429 524 tremefacta
442 482 559 523 comam
572 478 719 521 concusso
731 459 840 518 vertice
853 466 946 529 nunt,

214 562 378 623 volneribus
393 560 491 619 donec
505 560 643 635 paulatim
658 558 762 628 evicta,
776 574 948 633 supremum

214 659 393 737 congemuit,
409 659 550 732 traxitque
566 656 638 731 iugis
653 655 752 713 avolsa
764 655 887 713 ruinam.

174 734 195 747 ⁴
215 735 385 829 descendo,
400 774 435 813 ac
450 754 578 813 ducente
592 753 651 811 deo
667 752 813 809 flammam
828 752 903 810 inter
915 758 946 808 et
959 748 1051 808 hostis

214 853 374 930 expedior;
396 852 468 911 dant
481 850 539 909 tela
553 850 661 921 locum,
676 835 869 922 flammaeque
882 847 1036 905 recedunt.

254 954 351 1027 Atque
365 951 415 1010 ubi
429 951 487 1009 iam
502 947 611 1025 patriae
626 956 801 1021 perventum
814 944 855 1003 ad
867 945 968 1003 limina
981 942 1060 1002 sedis

214 1049 405 1123 antiquasque
420 1047 535 1117 domos,
550 1044 672 1120 genitor,
689 1060 779 1117 quem
792 1042 894 1100 tollere
907 1042 939 1099 iu
951 1041 1025 1099 altos

214 1146 354 1221 optabam
367 1145 492 1221 primum
507 1142 614 1201 montis
629 1140 815 1215 primumque
829 1138 978 1214 petebam,

213 1244 341 1319 abnegat
354 1242 453 1301 excisa
465 1242 553 1300 vitam
567 1238 733 1316 producere
746 1236 837 1294 Troia

214 1341 405 1415 exsiliumque
419 1340 489 1414 pati.
531 1339 611 1395 ‘Vos
627 1337 665 1408 O,
680 1335 787 1411 quibus
800 1334 914 1407 integer
926 1330 991 1390 aevi

214 1436 350 1511 sanguis,’
365 1437 405 1494 ait
420 1434 607 1511 ‘solidaeque
623 1453 677 1493 suo
693 1442 772 1492 stant
784 1431 888 1490 robore
901 1429 986 1503 vires,

214 1552 266 1591 vos
280 1534 386 1608 agitate
401 1533 517 1609 sugam:

215 1648 263 1688 me
278 1631 301 1688 si
317 1630 473 1688 caelicolae
488 1629 646 1689 voluissent
662 1629 773 1688 ducere
786 1629 885 1700 vitam,

216 1726 267 1785 lias
282 1727 352 1785 mihi
366 1737 526 1786 servassent
541 1727 636 1787 sedes.
681 1728 755 1787 Satis
769 1745 829 1785 una
842 1742 988 1801 superque

214 1823 339 1882 vidimus
354 1824 485 1883 exscidia
498 1835 528 1883 et
542 1835 645 1899 captae
661 1825 862 1901 superavimus
876 1824 950 1882 urbi.

216 1922 262 1979 Sic
277 1920 314 1992 O,
329 1922 371 1979 sic
386 1921 512 1996 positum
527 1921 616 1981 adlati
631 1921 776 1981 discedite
789 1940 905 1997 corpus.
943 1953 947 1961 ·

216 2018 284 2093 Ipse
299 2036 387 2075 manu
401 2029 525 2076 mortem
540 2020 703 2093 inveniam;
726 2019 907 2099 miserebitur
921 2018 1011 2077 hostis

215 2114 391 2189 exuviasque
406 2124 506 2190 petet;
527 2116 618 2174 facilis
633 2116 744 2174 iactura
757 2116 892 2191 sepulcri.

146 2246 149 2252 f
216 2211 279 2268 Iam
295 2210 409 2285 pridem
424 2212 529 2270 invisus
544 2211 618 2271 divis
632 2222 663 2271 et
676 2213 784 2271 inutilis
798 2232 893 2271 annos

215 2307 360 2379 demoror,
376 2326 412 2365 ex
427 2326 486 2383 quo
501 2327 548 2367 me
563 2309 663 2368 divom
678 2320 760 2385 pater
774 2320 861 2385 atque
876 2309 1029 2368 hominum
1042 2326 1095 2366 rex

214 2404 341 2463 fulminis
355 2404 472 2463 adflavit
485 2406 578 2465 ventis
592 2417 622 2465 et
636 2407 759 2483 contigit
772 2408 851 2483 igni'

255 2503 338 2561 Talia
351 2503 497 2577 perstabat
512 2521 686 2577 memorans,
702 2504 836 2580 fixusque
850 2504 996 2563 manebat.

217 2602 280 2658 Nos
295 2610 397 2659 contra
411 2600 493 2658 effusi
507 2601 640 2673 lacrimis,
657 2601 845 2679 coniunxque
861 2603 973 2661 Cretisa

215 2698 416 2773 Ascaniusque
431 2698 583 2775 omnisque
598 2697 714 2771 domus,
728 2717 767 2757 ne
780 2709 892 2759 vertere
906 2716 1009 2757 secum

216 2805 323 2854 cuncta
337 2805 419 2870 pater
433 2796 551 2871 fatoque
566 2798 700 2872 urguenti
716 2781 886 2857 incumbere
900 2797 996 2854 vellec

215 2876 358 2967 Abnegat,
373 2892 550 2968 inceptoque
565 2904 595 2951 et
609 2892 729 2953 sedibus
743 2894 843 2952 haeret
857 2893 887 2952 in
901 2893 1005 2951 isdem.

216 2990 326 3047 Rursus
340 2990 370 3048 in
384 3006 465 3047 anna
479 2990 562 3062 seror,
577 3002 761 3067 mortemque
776 2991 951 3050 miserrimus
965 2999 1055 3067 opto:

215 3105 284 3144 nam
298 3085 380 3161 quod
395 3088 547 3146 consilium
561 3100 611 3148 aut
624 3108 700 3165 quae
716 3090 774 3149 iam
788 3090 903 3148 fortuna
916 3088 1059 3149 dabatur?

216 3185 327 3242 ‘Mene
342 3184 442 3243 efferre
457 3185 575 3261 pedem,
590 3187 713 3262 genitor,
728 3196 757 3245 te
772 3205 859 3263 posse
874 3186 975 3247 relicto

216 3282 345 3357 sperasti,
360 3292 532 3359 tantumque
547 3284 627 3343 nefas
642 3284 736 3359 patrio
750 3282 861 3341 excidit
874 3283 946 3343 ore?

216 3380 245 3439 Si
259 3379 329 3438 nihil
343 3398 380 3438 ex
393 3390 474 3440 tanta
488 3382 604 3458 Superis
618 3381 716 3457 placet
729 3381 801 3441 urbe
814 3380 947 3455 relinqui,

216 3487 246 3535 et
260 3476 343 3535 sedet
357 3477 415 3537 hoc
430 3479 537 3550 animo,
552 3479 755 3554 perituraeque
769 3476 880 3537 addere
894 3476 1002 3537 Troiae

216 3585 303 3649 teque
318 3585 442 3650 tuosque
456 3576 543 3646 iuvat,
557 3584 638 3651 patet
651 3576 697 3635 isti
711 3576 798 3633 ianua
810 3575 879 3648 leto,

216 3672 332 3747 iamque
347 3671 441 3732 aderit
455 3672 547 3731 multo
562 3672 719 3731 Priamide
734 3672 875 3749 sanguine
889 3672 1024 3749 Pyrrhus,

217 3779 317 3829 natum
338 3778 406 3827 aute
428 3785 479 3826 ora
498 3769 595 3844 patris,
610 3778 725 3844 patrem
739 3770 789 3845 qui
803 3770 958 3830 obtruncat
971 3769 1010 3830 ad
1024 3786 1095 3830 aras.
