2834 4292
141 302 177 351 11.
191 301 262 365 697]
368 292 479 355 Vision
502 294 542 375 ‘ff
559 292 612 355 tlte
633 292 768 356 Hostile
789 294 985 360 Divim‘ties.

142 476 216 533 Hoc
227 484 298 548 erat,
313 477 391 535 alma
403 494 517 553 parens,
533 477 614 553 quod
628 496 676 536 me
691 496 745 553 per
758 478 824 550 tela,
839 497 892 553 per
905 480 978 554 ignis

141 573 240 647 eripis,
255 584 287 631 ut
301 574 406 631 mediis
421 574 537 632 hostem
551 576 581 631 in
595 575 802 650 penetralibus,
817 584 907 650 utque

140 671 304 728 Ascanium
319 680 491 746 patremque
506 690 606 729 meum
620 673 758 747 iuxtaque
773 673 915 731 Cretisam

140 768 266 825 alterum
280 768 312 825 in
325 768 441 827 alterius
455 779 597 827 mactatos
612 770 754 845 sanguine
768 772 908 828 cernam?

139 866 240 935 Arma,
255 866 315 938 viri,
331 865 404 924 ferte
418 884 517 940 arma3
538 878 625 925 vocat
638 868 687 925 lux
701 868 802 925 ultima
814 868 917 926 victos

139 961 274 1019 Reddite
289 980 337 1019 me
352 964 482 1036 Danais;
505 964 588 1021 sinite
604 965 761 1021 instaurata
774 965 897 1022 revisam

138 1059 272 1133 proelia:
296 1060 467 1135 Numquam
482 1078 585 1119 omnes
601 1060 689 1119 hodie
704 1061 863 1118 moriemur
875 1062 978 1120 inulti)

183 1157 267 1213 Hinc
281 1156 355 1215 ferro
370 1156 508 1233 accingor
521 1176 617 1215 rursus
626 1158 788 1232 clipeoque
802 1158 946 1216 sinistram

138 1254 319 1312 insertabam
333 1264 446 1329 aptans,
461 1272 568 1329 meque
583 1263 664 1312 extra
677 1264 757 1312 tecta
770 1255 909 1313 ferebam.

139 1348 224 1410 Ecce
239 1362 337 1409 autem
352 1352 508 1427 complexa
521 1350 613 1426 pedes
628 1352 658 1409 in
672 1352 771 1409 limine
787 1355 918 1412 coniunx

138 1450 289 1521 haerebat,
304 1467 484 1525 parvumque
499 1449 573 1523 patri
587 1448 729 1507 tendebat
746 1451 861 1508 Iulum:

138 1549 189 1607 ‘Si
203 1549 345 1623 periturus
360 1549 430 1619 abis,
446 1558 476 1607 et
490 1567 544 1606 nos
559 1567 629 1623 rape
644 1550 674 1605 in
689 1550 790 1607 omnia
804 1559 923 1621 tecum3

137 1646 186 1705 sin
200 1646 326 1721 aliquam
341 1656 477 1721 expertus
491 1647 614 1721 sumptis
628 1663 713 1721 spem
726 1647 812 1721 ponis
827 1647 857 1703 iu
871 1648 967 1718 armis,

136 1744 219 1801 hanc
233 1744 359 1819 primum
373 1754 466 1802 tutare
481 1743 614 1802 domum.
657 1744 713 1802 Cui
727 1762 832 1819 parvus
847 1746 935 1816 Iulus,

136 1842 189 1899 cui
202 1851 287 1915 pater
300 1852 330 1899 et
343 1844 473 1900 coniunx
488 1842 638 1917 quondam
652 1852 703 1900 tua
717 1842 797 1902 dicta
809 1843 993 1919 relinquor?'

180 1940 263 1997 Talia
275 1941 437 1999 vociferans
452 1941 562 2015 gemitu
576 1950 687 1998 tectum
702 1960 791 2000 omne
805 1942 946 2017 replebat,

136 2056 210 2094 cum
224 2038 352 2095 subitum
367 2036 507 2113 dictuque
522 2038 611 2096 oritur
625 2040 756 2097 mirabile
771 2051 943 2098 monstrum.

136 2135 277 2208 Namque
292 2154 396 2193 manus
410 2137 484 2193 inter
498 2146 735 2212 maestorumque
751 2156 802 2195 ora
815 2148 971 2213 parentum

136 2248 212 2288 ecce
227 2232 296 2290 levis
311 2252 426 2291 summo
440 2234 479 2291 de
494 2235 602 2292 vertice
617 2236 694 2293 visus
712 2236 768 2293 Iuli

135 2328 262 2387 sundere
276 2330 375 2388 lumen
390 2349 474 2406 apex,
491 2340 629 2407 tactuque
643 2332 763 2390 innoxia
777 2333 872 2392 mollis

134 2426 266 2484 lambere
281 2427 399 2486 flamma
412 2446 514 2486 comas
529 2438 558 2486 et
572 2429 682 2487 circum
697 2440 832 2505 tempora
844 2432 935 2506 pasci.

136 2524 204 2582 Nos
219 2525 316 2599 pavidi
330 2525 475 2601 trepidare
491 2536 580 2597 metu,
596 2527 767 2602 crinemque
782 2527 953 2603 flagrantem

134 2630 275 2679 excutere
290 2632 320 2679 et
334 2632 451 2680 sanctos
465 2623 644 2698 restinguere
659 2624 787 2684 fontibus
802 2626 886 2701 ignis.

133 2722 176 2777 At
190 2728 273 2793 pater
286 2718 429 2777 Anchises
443 2720 545 2778 oculos
560 2718 598 2803 ad
613 2720 707 2779 sidera
721 2722 814 2781 laetus

134 2816 248 2887 extulit,
264 2825 293 2873 et
307 2817 390 2874 caelo
405 2817 516 2891 palmas
531 2836 599 2875 eum
613 2836 687 2877 voce
702 2818 845 2878 tetendit:

178 2914 328 2989 ‘Iuppiter
341 2914 538 2989 omnipotens,
553 2917 689 2991 precibus
703 2915 729 2974 si
741 2916 865 2975 flecteris
879 2918 952 2990 ullis,

134 3011 236 3086 aspice
250 3028 304 3068 nos
317 3031 325 3083 ;
347 3010 405 3068 hoc
419 3020 541 3083 tantum,
557 3022 595 3084 et,
611 3013 634 3071 si
647 3013 756 3089 pietate
771 3032 925 3086 meremur,

134 3107 175 3166 da
189 3106 299 3165 deinde
314 3108 460 3179 auxilium,
475 3119 566 3183 pater,
582 3120 669 3184 atque
684 3110 759 3168 haec
774 3111 873 3170 omina
886 3112 989 3171 firma)

132 3205 192 3262 Vix
206 3222 243 3261 ea
256 3205 330 3262 fatus
346 3214 406 3262 erat
420 3205 524 3277 senior,
540 3207 696 3282 subitoque
711 3208 823 3283 fragore

132 3301 262 3360 intonuit
275 3302 399 3373 laevum,
414 3313 444 3361 et
458 3302 496 3361 de
511 3304 594 3362 caelo
608 3304 689 3379 lapsa
702 3323 756 3380 per
769 3305 886 3365 umbras

133 3399 217 3457 stella
229 3398 326 3456 facem
340 3398 453 3459 ducens
468 3401 559 3459 multa
572 3419 642 3458 cum
656 3401 723 3459 luce
738 3404 873 3462 cucurrit.

133 3498 228 3569 Illam,
243 3516 359 3556 summa
373 3517 460 3575 super
473 3500 620 3558 labentem
635 3500 763 3559 culmina
776 3503 856 3576 tecti,

133 3595 280 3653 cernimus
295 3595 387 3653 Idaea
401 3596 507 3654 claram
522 3616 553 3655 se
569 3596 697 3655 condere
712 3598 782 3657 silva

133 3692 358 3769 signantemque
371 3693 432 3751 vias
443 3715 452 3767 ;
473 3703 537 3752 tum
551 3695 640 3771 longo
654 3694 745 3755 limite
760 3698 858 3757 sulcus

307 3819 341 3855 ⁶⁹⁰
352 3835 393 3866 nos
402 3822 445 3867 hoc
455 3827 552 3871 tantum.
568 3824 596 3871 R.
789 3824 823 3859 eal
834 3827 970 3884 augurium.
988 3828 1016 3875 R.
