<?xml version="1.0" encoding="UTF-8"?>
<!DOCTYPE html PUBLIC "-//W3C//DTD XHTML 1.0 Transitional//EN"
    "http://www.w3.org/TR/xhtml1/DTD/xhtml1-transitional.dtd">
<html xmlns="http://www.w3.org/1999/xhtml" xml:lang="en" lang="en">
 <head>
  <title>
</title>
<meta http-equiv="Content-Type" content="text/html;charset=utf-8" />
  <meta name='ocr-system' content='tesseract 3.04.00' />
  <meta name='ocr-capabilities' content='ocr_page ocr_carea ocr_par ocr_line ocrx_word'/>
</head>
<body>
  <div class='ocr_page' id='page_1' title='image "./greaterpoemsvir00kittgoog_0180.png"; bbox 0 0 2834 4292; ppageno 0'>
   <div class='ocr_carea' id='block_1_1' title="bbox 229 218 960 301">
    <p class='ocr_par' dir='ltr' id='par_1_1' title="bbox 229 218 960 301">
     <span class='ocr_line' id='line_1_1' title="bbox 229 218 960 301; baseline 0 -16"><span class='ocrx_word' id='word_1_1' title='bbox 229 222 288 301; x_wconf 82' lang='lat'>158</span> <span class='ocrx_word' id='word_1_2' title='bbox 537 236 583 284; x_wconf 82' lang='lat' dir='ltr'>vl.</span> <span class='ocrx_word' id='word_1_3' title='bbox 613 218 644 281; x_wconf 86' lang='grc' dir='ltr'><em>Τ</em></span> <span class='ocrx_word' id='word_1_4' title='bbox 639 218 679 282; x_wconf 79' lang='lat' dir='ltr'>he</span> <span class='ocrx_word' id='word_1_5' title='bbox 700 219 823 283; x_wconf 84' lang='lat' dir='ltr'>Lower</span> <span class='ocrx_word' id='word_1_6' title='bbox 844 219 960 285; x_wconf 77' lang='lat' dir='ltr'>World.</span> 
     </span>
    </p>
   </div>
   <div class='ocr_carea' id='block_1_2' title="bbox 223 402 1133 3687">
    <p class='ocr_par' dir='ltr' id='par_1_2' title="bbox 223 402 1133 3687">
     <span class='ocr_line' id='line_1_2' title="bbox 225 402 1086 478; baseline 0.001 -16"><span class='ocrx_word' id='word_1_7' title='bbox 225 402 413 462; x_wconf 82' lang='lat' dir='ltr'>Dardanidae</span> <span class='ocrx_word' id='word_1_8' title='bbox 427 402 545 462; x_wconf 91' lang='lat' dir='ltr'>venient</span> <span class='ocrx_word' id='word_1_9' title='bbox 557 422 566 475; x_wconf 74' lang='grc' dir='ltr'><strong><em>ς</em></strong></span> <span class='ocrx_word' id='word_1_10' title='bbox 587 402 669 461; x_wconf 89' lang='lat' dir='ltr'>mitte</span> <span class='ocrx_word' id='word_1_11' title='bbox 684 402 762 461; x_wconf 90' lang='lat' dir='ltr'>hanc</span> <span class='ocrx_word' id='word_1_12' title='bbox 776 402 814 461; x_wconf 90' lang='lat' dir='ltr'>de</span> <span class='ocrx_word' id='word_1_13' title='bbox 829 412 950 478; x_wconf 83' lang='lat' dir='ltr'>pectore</span> <span class='ocrx_word' id='word_1_14' title='bbox 963 422 1086 478; x_wconf 75' lang='lat' dir='ltr'>cruam3</span> 
     </span>
     <span class='ocr_line' id='line_1_3' title="bbox 224 498 1014 573; baseline 0.004 -16"><span class='ocrx_word' id='word_1_15' title='bbox 224 498 278 557; x_wconf 88' lang='lat' dir='ltr'>sed</span> <span class='ocrx_word' id='word_1_16' title='bbox 292 518 352 559; x_wconf 90' lang='lat' dir='ltr'>non</span> <span class='ocrx_word' id='word_1_17' title='bbox 367 510 396 557; x_wconf 88' lang='lat' dir='ltr'>et</span> <span class='ocrx_word' id='word_1_18' title='bbox 411 500 523 558; x_wconf 90' lang='lat' dir='ltr'>venisse</span> <span class='ocrx_word' id='word_1_19' title='bbox 538 500 646 557; x_wconf 79' lang='lat' dir='ltr'>volent</span> <span class='ocrx_word' id='word_1_20' title='bbox 689 499 780 571; x_wconf 87' lang='lat' dir='ltr'>Bella,</span> <span class='ocrx_word' id='word_1_21' title='bbox 794 499 913 558; x_wconf 88' lang='lat' dir='ltr'>horrida</span> <span class='ocrx_word' id='word_1_22' title='bbox 926 501 1014 573; x_wconf 88' lang='lat' dir='ltr'>bella,</span> 
     </span>
     <span class='ocr_line' id='line_1_4' title="bbox 224 596 984 672; baseline 0.001 -18"><span class='ocrx_word' id='word_1_23' title='bbox 224 606 254 654; x_wconf 88' lang='lat' dir='ltr'>et</span> <span class='ocrx_word' id='word_1_24' title='bbox 267 596 408 672; x_wconf 60' lang='lat' dir='ltr'>Hybrim</span> <span class='ocrx_word' id='word_1_25' title='bbox 422 596 514 655; x_wconf 89' lang='lat' dir='ltr'>multo</span> <span class='ocrx_word' id='word_1_26' title='bbox 528 605 715 671; x_wconf 83' lang='lat' dir='ltr'><strong>spumantem</strong></span> <span class='ocrx_word' id='word_1_27' title='bbox 728 597 869 672; x_wconf 87' lang='lat' dir='ltr'>sanguine</span> <span class='ocrx_word' id='word_1_28' title='bbox 884 616 984 655; x_wconf 86' lang='lat' dir='ltr'>cerno.</span> 
     </span>
     <span class='ocr_line' id='line_1_5' title="bbox 224 692 1026 765; baseline 0.004 -15"><span class='ocrx_word' id='word_1_29' title='bbox 224 694 294 751; x_wconf 91' lang='lat' dir='ltr'>Non</span> <span class='ocrx_word' id='word_1_30' title='bbox 308 694 413 752; x_wconf 85' lang='lat' dir='ltr'>Simois</span> <span class='ocrx_word' id='word_1_31' title='bbox 426 694 488 765; x_wconf 92' lang='lat' dir='ltr'>tibi,</span> <span class='ocrx_word' id='word_1_32' title='bbox 504 710 561 750; x_wconf 91' lang='lat' dir='ltr'>nec</span> <span class='ocrx_word' id='word_1_33' title='bbox 575 692 717 764; x_wconf 87' lang='lat' dir='ltr'>Xanthus,</span> <span class='ocrx_word' id='word_1_34' title='bbox 732 711 789 751; x_wconf 90' lang='lat' dir='ltr'>nec</span> <span class='ocrx_word' id='word_1_35' title='bbox 806 694 915 751; x_wconf 87' lang='lat' dir='ltr'>Dorica</span> <span class='ocrx_word' id='word_1_36' title='bbox 929 704 1026 753; x_wconf 82' lang='lat' dir='ltr'>castra</span> 
     </span>
     <span class='ocr_line' id='line_1_6' title="bbox 224 788 916 865; baseline 0.003 -18"><span class='ocrx_word' id='word_1_37' title='bbox 224 788 387 862; x_wconf 73' lang='lat' dir='ltr'>defuerint,</span> <span class='ocrx_word' id='word_1_38' title='bbox 408 790 480 848; x_wconf 85' lang='lat' dir='ltr'>alius</span> <span class='ocrx_word' id='word_1_39' title='bbox 496 790 579 847; x_wconf 89' lang='lat' dir='ltr'>Latio</span> <span class='ocrx_word' id='word_1_40' title='bbox 594 789 651 847; x_wconf 90' lang='lat' dir='ltr'>iam</span> <span class='ocrx_word' id='word_1_41' title='bbox 666 798 764 865; x_wconf 86' lang='lat' dir='ltr'>partus</span> <span class='ocrx_word' id='word_1_42' title='bbox 778 791 916 863; x_wconf 88' lang='lat' dir='ltr'>Achilles,</span> 
     </span>
     <span class='ocr_line' id='line_1_7' title="bbox 223 885 940 961; baseline 0.004 -17"><span class='ocrx_word' id='word_1_43' title='bbox 223 896 307 945; x_wconf 88' lang='lat' dir='ltr'>natus</span> <span class='ocrx_word' id='word_1_44' title='bbox 322 896 352 943; x_wconf 90' lang='lat' dir='ltr'>et</span> <span class='ocrx_word' id='word_1_45' title='bbox 366 886 428 961; x_wconf 87' lang='lat' dir='ltr'>ipse</span> <span class='ocrx_word' id='word_1_46' title='bbox 442 885 519 959; x_wconf 85' lang='lat' dir='ltr'>dea3</span> <span class='ocrx_word' id='word_1_47' title='bbox 540 904 597 944; x_wconf 92' lang='lat' dir='ltr'>nec</span> <span class='ocrx_word' id='word_1_48' title='bbox 611 887 734 944; x_wconf 89' lang='lat' dir='ltr'>Teucris</span> <span class='ocrx_word' id='word_1_49' title='bbox 748 887 849 944; x_wconf 87' lang='lat' dir='ltr'>addita</span> <span class='ocrx_word' id='word_1_50' title='bbox 863 890 940 946; x_wconf 92' lang='lat' dir='ltr'>Iuno</span> 
     </span>
     <span class='ocr_line' id='line_1_8' title="bbox 224 984 1006 1061; baseline 0.005 -20"><span class='ocrx_word' id='word_1_51' title='bbox 224 1001 347 1058; x_wconf 87' lang='lat' dir='ltr'>usquam</span> <span class='ocrx_word' id='word_1_52' title='bbox 361 984 472 1056; x_wconf 81' lang='lat' dir='ltr'>aberit3</span> <span class='ocrx_word' id='word_1_53' title='bbox 494 1001 562 1041; x_wconf 91' lang='lat' dir='ltr'>cum</span> <span class='ocrx_word' id='word_1_54' title='bbox 576 992 607 1041; x_wconf 90' lang='lat' dir='ltr'>tu</span> <span class='ocrx_word' id='word_1_55' title='bbox 621 984 746 1058; x_wconf 88' lang='lat' dir='ltr'>supplex</span> <span class='ocrx_word' id='word_1_56' title='bbox 760 985 791 1041; x_wconf 93' lang='lat' dir='ltr'>in</span> <span class='ocrx_word' id='word_1_57' title='bbox 805 984 891 1044; x_wconf 88' lang='lat' dir='ltr'>rebus</span> <span class='ocrx_word' id='word_1_58' title='bbox 904 988 1006 1061; x_wconf 87' lang='lat' dir='ltr'>egenis</span> 
     </span>
     <span class='ocr_line' id='line_1_9' title="bbox 224 1081 1019 1155; baseline 0.009 -19"><span class='ocrx_word' id='word_1_59' title='bbox 224 1098 296 1155; x_wconf 89' lang='lat' dir='ltr'>quas</span> <span class='ocrx_word' id='word_1_60' title='bbox 310 1090 411 1155; x_wconf 87' lang='lat' dir='ltr'>gentes</span> <span class='ocrx_word' id='word_1_61' title='bbox 427 1081 531 1138; x_wconf 86' lang='lat' dir='ltr'>Italum</span> <span class='ocrx_word' id='word_1_62' title='bbox 546 1089 596 1138; x_wconf 89' lang='lat' dir='ltr'>aut</span> <span class='ocrx_word' id='word_1_63' title='bbox 609 1098 682 1155; x_wconf 87' lang='lat' dir='ltr'>quas</span> <span class='ocrx_word' id='word_1_64' title='bbox 696 1098 758 1137; x_wconf 93' lang='lat' dir='ltr'>non</span> <span class='ocrx_word' id='word_1_65' title='bbox 773 1082 898 1140; x_wconf 87' lang='lat' dir='ltr'>oraveris</span> <span class='ocrx_word' id='word_1_66' title='bbox 911 1084 1019 1143; x_wconf 78' lang='lat' dir='ltr'>urbest</span> 
     </span>
     <span class='ocr_line' id='line_1_10' title="bbox 224 1176 1014 1253; baseline 0.005 -18"><span class='ocrx_word' id='word_1_67' title='bbox 224 1177 321 1235; x_wconf 90' lang='lat' dir='ltr'>Causa</span> <span class='ocrx_word' id='word_1_68' title='bbox 334 1177 402 1234; x_wconf 88' lang='lat' dir='ltr'>mali</span> <span class='ocrx_word' id='word_1_69' title='bbox 416 1178 489 1234; x_wconf 88' lang='lat' dir='ltr'>tanti</span> <span class='ocrx_word' id='word_1_70' title='bbox 503 1178 632 1235; x_wconf 91' lang='lat' dir='ltr'>coniunx</span> <span class='ocrx_word' id='word_1_71' title='bbox 645 1177 750 1235; x_wconf 87' lang='lat' dir='ltr'>iterum</span> <span class='ocrx_word' id='word_1_72' title='bbox 767 1176 881 1253; x_wconf 82' lang='lat' dir='ltr'>hospita</span> <span class='ocrx_word' id='word_1_73' title='bbox 893 1181 1014 1239; x_wconf 87' lang='lat' dir='ltr'>Teucris</span> 
     </span>
     <span class='ocr_line' id='line_1_11' title="bbox 224 1273 657 1349; baseline 0 -18"><span class='ocrx_word' id='word_1_74' title='bbox 224 1275 393 1349; x_wconf 85' lang='lat' dir='ltr'>externique</span> <span class='ocrx_word' id='word_1_75' title='bbox 408 1274 512 1331; x_wconf 90' lang='lat' dir='ltr'>iterum</span> <span class='ocrx_word' id='word_1_76' title='bbox 530 1273 657 1332; x_wconf 87' lang='lat' dir='ltr'>thalami.</span> 
     </span>
     <span class='ocr_line' id='line_1_12' title="bbox 223 1369 936 1444; baseline 0.003 -15"><span class='ocrx_word' id='word_1_77' title='bbox 223 1372 270 1429; x_wconf 89' lang='lat' dir='ltr'>Tu</span> <span class='ocrx_word' id='word_1_78' title='bbox 284 1390 322 1429; x_wconf 93' lang='lat' dir='ltr'>ne</span> <span class='ocrx_word' id='word_1_79' title='bbox 336 1370 410 1430; x_wconf 91' lang='lat' dir='ltr'>cede</span> <span class='ocrx_word' id='word_1_80' title='bbox 426 1370 517 1442; x_wconf 90' lang='lat' dir='ltr'>malis,</span> <span class='ocrx_word' id='word_1_81' title='bbox 532 1369 585 1428; x_wconf 91' lang='lat' dir='ltr'>sed</span> <span class='ocrx_word' id='word_1_82' title='bbox 599 1380 702 1428; x_wconf 89' lang='lat' dir='ltr'>contra</span> <span class='ocrx_word' id='word_1_83' title='bbox 718 1371 873 1430; x_wconf 87' lang='lat' dir='ltr'>audentior</span> <span class='ocrx_word' id='word_1_84' title='bbox 885 1374 936 1444; x_wconf 93' lang='lat' dir='ltr'>ito,</span> 
     </span>
     <span class='ocr_line' id='line_1_13' title="bbox 224 1467 958 1543; baseline 0.004 -18"><span class='ocrx_word' id='word_1_85' title='bbox 224 1486 282 1543; x_wconf 88' lang='lat' dir='ltr'>qua</span> <span class='ocrx_word' id='word_1_86' title='bbox 296 1477 346 1525; x_wconf 86' lang='lat' dir='ltr'>tua</span> <span class='ocrx_word' id='word_1_87' title='bbox 360 1477 389 1525; x_wconf 92' lang='lat' dir='ltr'>te</span> <span class='ocrx_word' id='word_1_88' title='bbox 404 1469 532 1525; x_wconf 87' lang='lat' dir='ltr'>Fortuna</span> <span class='ocrx_word' id='word_1_89' title='bbox 546 1467 629 1525; x_wconf 89' lang='lat' dir='ltr'>sinet.</span> <span class='ocrx_word' id='word_1_90' title='bbox 674 1469 730 1525; x_wconf 89' lang='lat' dir='ltr'>Via</span> <span class='ocrx_word' id='word_1_91' title='bbox 744 1471 837 1543; x_wconf 89' lang='lat' dir='ltr'>prima</span> <span class='ocrx_word' id='word_1_92' title='bbox 851 1471 958 1542; x_wconf 87' lang='lat' dir='ltr'>salutis,</span> 
     </span>
     <span class='ocr_line' id='line_1_14' title="bbox 224 1564 953 1641; baseline 0.004 -18"><span class='ocrx_word' id='word_1_93' title='bbox 224 1564 305 1641; x_wconf 90' lang='lat' dir='ltr'>quod</span> <span class='ocrx_word' id='word_1_94' title='bbox 321 1566 440 1624; x_wconf 90' lang='lat' dir='ltr'>minime</span> <span class='ocrx_word' id='word_1_95' title='bbox 455 1566 533 1637; x_wconf 93' lang='lat' dir='ltr'>reris,</span> <span class='ocrx_word' id='word_1_96' title='bbox 549 1565 637 1623; x_wconf 88' lang='lat' dir='ltr'>Graia</span> <span class='ocrx_word' id='word_1_97' title='bbox 652 1565 797 1640; x_wconf 88' lang='lat' dir='ltr'>pandetur</span> <span class='ocrx_word' id='word_1_98' title='bbox 810 1567 848 1625; x_wconf 92' lang='lat' dir='ltr'>ab</span> <span class='ocrx_word' id='word_1_99' title='bbox 862 1568 953 1626; x_wconf 67' lang='lat' dir='ltr'>urbe!</span> 
     </span>
     <span class='ocr_line' id='line_1_15' title="bbox 263 1661 906 1738; baseline -0.002 -16"><span class='ocrx_word' id='word_1_100' title='bbox 263 1664 381 1722; x_wconf 85' lang='lat' dir='ltr'>Talibus</span> <span class='ocrx_word' id='word_1_101' title='bbox 396 1681 433 1721; x_wconf 90' lang='lat' dir='ltr'>ex</span> <span class='ocrx_word' id='word_1_102' title='bbox 445 1661 535 1737; x_wconf 91' lang='lat' dir='ltr'>adyto</span> <span class='ocrx_word' id='word_1_103' title='bbox 549 1662 635 1719; x_wconf 91' lang='lat' dir='ltr'>dictis</span> <span class='ocrx_word' id='word_1_104' title='bbox 650 1663 782 1721; x_wconf 87' lang='lat' dir='ltr'>Cumaea</span> <span class='ocrx_word' id='word_1_105' title='bbox 800 1664 906 1738; x_wconf 89' lang='lat' dir='ltr'>Sibylla</span> 
     </span>
     <span class='ocr_line' id='line_1_16' title="bbox 224 1760 934 1836; baseline 0.003 -19"><span class='ocrx_word' id='word_1_106' title='bbox 224 1760 382 1819; x_wconf 85' lang='lat' dir='ltr'>horrendas</span> <span class='ocrx_word' id='word_1_107' title='bbox 397 1760 475 1817; x_wconf 89' lang='lat' dir='ltr'>canit</span> <span class='ocrx_word' id='word_1_108' title='bbox 488 1760 627 1833; x_wconf 84' lang='lat' dir='ltr'>ambages</span> <span class='ocrx_word' id='word_1_109' title='bbox 643 1768 785 1834; x_wconf 89' lang='lat' dir='ltr'>antroque</span> <span class='ocrx_word' id='word_1_110' title='bbox 800 1762 934 1836; x_wconf 83' lang='lat' dir='ltr'>remugit,</span> 
     </span>
     <span class='ocr_line' id='line_1_17' title="bbox 223 1857 890 1918; baseline -0.004 0"><span class='ocrx_word' id='word_1_111' title='bbox 223 1860 354 1918; x_wconf 90' lang='lat' dir='ltr'>obscuris</span> <span class='ocrx_word' id='word_1_112' title='bbox 368 1877 436 1916; x_wconf 90' lang='lat' dir='ltr'>vera</span> <span class='ocrx_word' id='word_1_113' title='bbox 451 1857 618 1916; x_wconf 90' lang='lat' dir='ltr'>involvens:</span> <span class='ocrx_word' id='word_1_114' title='bbox 641 1874 676 1913; x_wconf 93' lang='lat' dir='ltr'>ea</span> <span class='ocrx_word' id='word_1_115' title='bbox 690 1858 771 1915; x_wconf 82' lang='lat' dir='ltr'>frena</span> <span class='ocrx_word' id='word_1_116' title='bbox 785 1858 890 1916; x_wconf 83' lang='lat' dir='ltr'>furenti</span> 
     </span>
     <span class='ocr_line' id='line_1_18' title="bbox 224 1955 990 2030; baseline -0.004 -14"><span class='ocrx_word' id='word_1_117' title='bbox 224 1958 365 2028; x_wconf 88' lang='lat' dir='ltr'>concutit,</span> <span class='ocrx_word' id='word_1_118' title='bbox 379 1966 409 2013; x_wconf 92' lang='lat' dir='ltr'>et</span> <span class='ocrx_word' id='word_1_119' title='bbox 423 1956 555 2014; x_wconf 88' lang='lat' dir='ltr'>stimulos</span> <span class='ocrx_word' id='word_1_120' title='bbox 569 1955 624 2013; x_wconf 94' lang='lat' dir='ltr'>sub</span> <span class='ocrx_word' id='word_1_121' title='bbox 643 1964 763 2029; x_wconf 89' lang='lat' dir='ltr'>pectore</span> <span class='ocrx_word' id='word_1_122' title='bbox 777 1955 860 2013; x_wconf 89' lang='lat' dir='ltr'>vertit</span> <span class='ocrx_word' id='word_1_123' title='bbox 874 1956 990 2030; x_wconf 82' lang='lat' dir='ltr'>Apollo.</span> 
     </span>
     <span class='ocr_line' id='line_1_19' title="bbox 223 2050 981 2130; baseline -0.007 -16"><span class='ocrx_word' id='word_1_124' title='bbox 223 2056 265 2115; x_wconf 91' lang='lat' dir='ltr'>Ut</span> <span class='ocrx_word' id='word_1_125' title='bbox 280 2055 405 2130; x_wconf 90' lang='lat' dir='ltr'>primum</span> <span class='ocrx_word' id='word_1_126' title='bbox 419 2053 506 2110; x_wconf 88' lang='lat' dir='ltr'>cessit</span> <span class='ocrx_word' id='word_1_127' title='bbox 520 2052 600 2109; x_wconf 83' lang='lat' dir='ltr'>furor</span> <span class='ocrx_word' id='word_1_128' title='bbox 614 2062 643 2109; x_wconf 91' lang='lat' dir='ltr'>et</span> <span class='ocrx_word' id='word_1_129' title='bbox 658 2050 760 2109; x_wconf 89' lang='lat' dir='ltr'>rabida</span> <span class='ocrx_word' id='word_1_130' title='bbox 772 2070 824 2109; x_wconf 84' lang='lat' dir='ltr'>ora</span> <span class='ocrx_word' id='word_1_131' title='bbox 836 2053 981 2126; x_wconf 87' lang='lat' dir='ltr'>quierunt,</span> 
     </span>
     <span class='ocr_line' id='line_1_20' title="bbox 224 2149 913 2227; baseline -0.006 -17"><span class='ocrx_word' id='word_1_132' title='bbox 224 2153 325 2227; x_wconf 92' lang='lat' dir='ltr'>incipit</span> <span class='ocrx_word' id='word_1_133' title='bbox 340 2154 454 2210; x_wconf 87' lang='lat' dir='ltr'>Aeneas</span> <span class='ocrx_word' id='word_1_134' title='bbox 469 2152 574 2209; x_wconf 91' lang='lat' dir='ltr'>heros:</span> <span class='ocrx_word' id='word_1_135' title='bbox 597 2150 686 2207; x_wconf 83' lang='lat' dir='ltr'>‘Non</span> <span class='ocrx_word' id='word_1_136' title='bbox 701 2149 760 2206; x_wconf 90' lang='lat' dir='ltr'>ulla</span> <span class='ocrx_word' id='word_1_137' title='bbox 773 2149 913 2220; x_wconf 89' lang='lat' dir='ltr'>laborum,</span> 
     </span>
     <span class='ocr_line' id='line_1_21' title="bbox 225 2246 900 2325; baseline -0.009 -16"><span class='ocrx_word' id='word_1_138' title='bbox 225 2250 252 2309; x_wconf 94' lang='grc' dir='ltr'>Ο</span> <span class='ocrx_word' id='word_1_139' title='bbox 268 2251 356 2325; x_wconf 86' lang='lat' dir='ltr'>virg0,</span> <span class='ocrx_word' id='word_1_140' title='bbox 371 2267 448 2307; x_wconf 90' lang='lat' dir='ltr'>nova</span> <span class='ocrx_word' id='word_1_141' title='bbox 462 2250 502 2305; x_wconf 89' lang='lat' dir='ltr'>mi</span> <span class='ocrx_word' id='word_1_142' title='bbox 516 2247 604 2307; x_wconf 85' lang='lat' dir='ltr'>facies</span> <span class='ocrx_word' id='word_1_143' title='bbox 621 2246 776 2321; x_wconf 87' lang='lat' dir='ltr'>inopinave</span> <span class='ocrx_word' id='word_1_144' title='bbox 792 2247 900 2321; x_wconf 87' lang='lat' dir='ltr'>surgit;</span> 
     </span>
     <span class='ocr_line' id='line_1_22' title="bbox 224 2345 1025 2423; baseline -0.004 -18"><span class='ocrx_word' id='word_1_145' title='bbox 224 2348 323 2405; x_wconf 87' lang='lat' dir='ltr'>omnia</span> <span class='ocrx_word' id='word_1_146' title='bbox 336 2346 473 2423; x_wconf 88' lang='lat' dir='ltr'>praecepi</span> <span class='ocrx_word' id='word_1_147' title='bbox 487 2356 574 2420; x_wconf 88' lang='lat' dir='ltr'>atque</span> <span class='ocrx_word' id='word_1_148' title='bbox 589 2345 687 2401; x_wconf 88' lang='lat' dir='ltr'>animo</span> <span class='ocrx_word' id='word_1_149' title='bbox 702 2358 820 2401; x_wconf 93' lang='lat' dir='ltr'>mecum</span> <span class='ocrx_word' id='word_1_150' title='bbox 833 2354 901 2401; x_wconf 88' lang='lat' dir='ltr'>ante</span> <span class='ocrx_word' id='word_1_151' title='bbox 915 2345 1025 2420; x_wconf 82' lang='lat' dir='ltr'>peregi.</span> 
     </span>
     <span class='ocr_line' id='line_1_23' title="bbox 223 2441 921 2520; baseline -0.013 -14"><span class='ocrx_word' id='word_1_152' title='bbox 223 2447 325 2506; x_wconf 91' lang='lat' dir='ltr'>Unum</span> <span class='ocrx_word' id='word_1_153' title='bbox 339 2462 409 2503; x_wconf 89' lang='lat' dir='ltr'>oro:</span> <span class='ocrx_word' id='word_1_154' title='bbox 432 2444 552 2520; x_wconf 92' lang='lat' dir='ltr'>quando</span> <span class='ocrx_word' id='word_1_155' title='bbox 566 2442 615 2501; x_wconf 95' lang='lat' dir='ltr'>hic</span> <span class='ocrx_word' id='word_1_156' title='bbox 628 2441 732 2498; x_wconf 80' lang='lat' dir='ltr'>inferni</span> <span class='ocrx_word' id='word_1_157' title='bbox 746 2441 833 2498; x_wconf 90' lang='lat' dir='ltr'>ianua</span> <span class='ocrx_word' id='word_1_158' title='bbox 846 2441 921 2515; x_wconf 89' lang='lat' dir='ltr'>regis</span> 
     </span>
     <span class='ocr_line' id='line_1_24' title="bbox 224 2538 953 2615; baseline -0.004 -15"><span class='ocrx_word' id='word_1_159' title='bbox 224 2542 338 2614; x_wconf 90' lang='lat' dir='ltr'>dicitur,</span> <span class='ocrx_word' id='word_1_160' title='bbox 353 2552 383 2600; x_wconf 91' lang='lat' dir='ltr'>et</span> <span class='ocrx_word' id='word_1_161' title='bbox 396 2542 552 2600; x_wconf 90' lang='lat' dir='ltr'>tenebrosa</span> <span class='ocrx_word' id='word_1_162' title='bbox 565 2540 647 2615; x_wconf 92' lang='lat' dir='ltr'>palus</span> <span class='ocrx_word' id='word_1_163' title='bbox 664 2538 832 2596; x_wconf 87' lang='lat' dir='ltr'>Acheronte</span> <span class='ocrx_word' id='word_1_164' title='bbox 848 2539 953 2610; x_wconf 79' lang='lat' dir='ltr'>refuso,</span> 
     </span>
     <span class='ocr_line' id='line_1_25' title="bbox 224 2635 865 2713; baseline -0.008 -16"><span class='ocrx_word' id='word_1_165' title='bbox 224 2640 265 2698; x_wconf 89' lang='lat' dir='ltr'>ire</span> <span class='ocrx_word' id='word_1_166' title='bbox 280 2639 318 2697; x_wconf 91' lang='lat' dir='ltr'>ad</span> <span class='ocrx_word' id='word_1_167' title='bbox 334 2648 526 2713; x_wconf 92' lang='lat' dir='ltr'>conspectum</span> <span class='ocrx_word' id='word_1_168' title='bbox 542 2638 600 2695; x_wconf 90' lang='lat' dir='ltr'>cari</span> <span class='ocrx_word' id='word_1_169' title='bbox 616 2635 753 2713; x_wconf 89' lang='lat' dir='ltr'>genitoris</span> <span class='ocrx_word' id='word_1_170' title='bbox 769 2645 800 2692; x_wconf 92' lang='lat' dir='ltr'>et</span> <span class='ocrx_word' id='word_1_171' title='bbox 812 2652 865 2693; x_wconf 89' lang='lat' dir='ltr'>ora</span> 
     </span>
     <span class='ocr_line' id='line_1_26' title="bbox 224 2732 955 2813; baseline -0.003 -18"><span class='ocrx_word' id='word_1_172' title='bbox 224 2737 394 2813; x_wconf 88' lang='lat' dir='ltr'>contingat;</span> <span class='ocrx_word' id='word_1_173' title='bbox 416 2736 524 2794; x_wconf 88' lang='lat' dir='ltr'>doceas</span> <span class='ocrx_word' id='word_1_174' title='bbox 539 2736 593 2793; x_wconf 90' lang='lat' dir='ltr'>iter</span> <span class='ocrx_word' id='word_1_175' title='bbox 607 2745 636 2793; x_wconf 89' lang='lat' dir='ltr'>et</span> <span class='ocrx_word' id='word_1_176' title='bbox 651 2750 733 2792; x_wconf 86' lang='lat' dir='ltr'>sacra</span> <span class='ocrx_word' id='word_1_177' title='bbox 747 2734 821 2791; x_wconf 91' lang='lat' dir='ltr'>ostia</span> <span class='ocrx_word' id='word_1_178' title='bbox 834 2732 955 2809; x_wconf 88' lang='lat' dir='ltr'>pandas.</span> 
     </span>
     <span class='ocr_line' id='line_1_27' title="bbox 224 2831 970 2909; baseline -0.005 -16"><span class='ocrx_word' id='word_1_179' title='bbox 224 2835 312 2893; x_wconf 91' lang='lat' dir='ltr'>Illum</span> <span class='ocrx_word' id='word_1_180' title='bbox 326 2853 382 2909; x_wconf 90' lang='lat' dir='ltr'>ego</span> <span class='ocrx_word' id='word_1_181' title='bbox 396 2851 448 2908; x_wconf 89' lang='lat' dir='ltr'>per</span> <span class='ocrx_word' id='word_1_182' title='bbox 462 2833 592 2891; x_wconf 87' lang='lat' dir='ltr'>flammas</span> <span class='ocrx_word' id='word_1_183' title='bbox 607 2842 637 2891; x_wconf 92' lang='lat' dir='ltr'>et</span> <span class='ocrx_word' id='word_1_184' title='bbox 652 2833 729 2891; x_wconf 91' lang='lat' dir='ltr'>mille</span> <span class='ocrx_word' id='word_1_185' title='bbox 746 2832 899 2904; x_wconf 89' lang='lat' dir='ltr'>sequentia</span> <span class='ocrx_word' id='word_1_186' title='bbox 912 2831 970 2889; x_wconf 89' lang='lat' dir='ltr'>tela</span> 
     </span>
     <span class='ocr_line' id='line_1_28' title="bbox 224 2929 986 3006; baseline -0.001 -18"><span class='ocrx_word' id='word_1_187' title='bbox 224 2932 317 3005; x_wconf 90' lang='lat' dir='ltr'>eripui</span> <span class='ocrx_word' id='word_1_188' title='bbox 338 2932 381 2989; x_wconf 92' lang='lat' dir='ltr'>his</span> <span class='ocrx_word' id='word_1_189' title='bbox 402 2932 518 3003; x_wconf 91' lang='lat' dir='ltr'>umeris,</span> <span class='ocrx_word' id='word_1_190' title='bbox 540 2930 697 3006; x_wconf 90' lang='lat' dir='ltr'>medioque</span> <span class='ocrx_word' id='word_1_191' title='bbox 712 2949 750 2988; x_wconf 89' lang='lat' dir='ltr'>ex</span> <span class='ocrx_word' id='word_1_192' title='bbox 766 2930 850 2988; x_wconf 91' lang='lat' dir='ltr'>hoste</span> <span class='ocrx_word' id='word_1_193' title='bbox 866 2929 986 3004; x_wconf 88' lang='lat' dir='ltr'>recepi;</span> 
     </span>
     <span class='ocr_line' id='line_1_29' title="bbox 224 3028 984 3100; baseline -0.004 -14"><span class='ocrx_word' id='word_1_194' title='bbox 224 3029 272 3086; x_wconf 88' lang='lat' dir='ltr'>ille</span> <span class='ocrx_word' id='word_1_195' title='bbox 287 3046 385 3085; x_wconf 91' lang='lat' dir='ltr'>meum</span> <span class='ocrx_word' id='word_1_196' title='bbox 399 3028 554 3086; x_wconf 89' lang='lat' dir='ltr'>comitatus</span> <span class='ocrx_word' id='word_1_197' title='bbox 569 3028 630 3100; x_wconf 87' lang='lat' dir='ltr'>iter,</span> <span class='ocrx_word' id='word_1_198' title='bbox 645 3028 736 3086; x_wconf 90' lang='lat' dir='ltr'>maria</span> <span class='ocrx_word' id='word_1_199' title='bbox 750 3029 849 3086; x_wconf 90' lang='lat' dir='ltr'>omnia</span> <span class='ocrx_word' id='word_1_200' title='bbox 865 3044 984 3085; x_wconf 89' lang='lat' dir='ltr'>mecum</span> 
     </span>
     <span class='ocr_line' id='line_1_30' title="bbox 224 3124 989 3201; baseline -0.001 -18"><span class='ocrx_word' id='word_1_201' title='bbox 224 3135 312 3200; x_wconf 88' lang='lat' dir='ltr'>atque</span> <span class='ocrx_word' id='word_1_202' title='bbox 327 3142 430 3182; x_wconf 89' lang='lat' dir='ltr'>omnes</span> <span class='ocrx_word' id='word_1_203' title='bbox 445 3126 600 3201; x_wconf 85' lang='lat' dir='ltr'>pelagique</span> <span class='ocrx_word' id='word_1_204' title='bbox 616 3126 708 3183; x_wconf 88' lang='lat' dir='ltr'>minas</span> <span class='ocrx_word' id='word_1_205' title='bbox 723 3126 854 3200; x_wconf 88' lang='lat' dir='ltr'>caelique</span> <span class='ocrx_word' id='word_1_206' title='bbox 869 3124 989 3195; x_wconf 86' lang='lat' dir='ltr'>ferebat,</span> 
     </span>
     <span class='ocr_line' id='line_1_31' title="bbox 225 3220 893 3298; baseline 0.001 -18"><span class='ocrx_word' id='word_1_207' title='bbox 225 3220 376 3294; x_wconf 87' lang='lat' dir='ltr'>invalidus,</span> <span class='ocrx_word' id='word_1_208' title='bbox 390 3222 464 3281; x_wconf 87' lang='lat' dir='ltr'>vires</span> <span class='ocrx_word' id='word_1_209' title='bbox 478 3224 551 3281; x_wconf 91' lang='lat' dir='ltr'>ultra</span> <span class='ocrx_word' id='word_1_210' title='bbox 564 3233 731 3298; x_wconf 89' lang='lat' dir='ltr'>sortemque</span> <span class='ocrx_word' id='word_1_211' title='bbox 745 3232 893 3281; x_wconf 89' lang='lat' dir='ltr'>senectae.</span> 
     </span>
     <span class='ocr_line' id='line_1_32' title="bbox 226 3317 1043 3396; baseline 0.002 -21"><span class='ocrx_word' id='word_1_212' title='bbox 226 3319 314 3393; x_wconf 87' lang='lat' dir='ltr'>Quin,</span> <span class='ocrx_word' id='word_1_213' title='bbox 330 3328 363 3377; x_wconf 90' lang='lat' dir='ltr'>ut</span> <span class='ocrx_word' id='word_1_214' title='bbox 375 3328 404 3377; x_wconf 90' lang='lat' dir='ltr'>te</span> <span class='ocrx_word' id='word_1_215' title='bbox 419 3321 543 3396; x_wconf 89' lang='lat' dir='ltr'>supplex</span> <span class='ocrx_word' id='word_1_216' title='bbox 556 3330 688 3396; x_wconf 89' lang='lat' dir='ltr'>peterem</span> <span class='ocrx_word' id='word_1_217' title='bbox 702 3329 733 3377; x_wconf 92' lang='lat' dir='ltr'>et</span> <span class='ocrx_word' id='word_1_218' title='bbox 745 3329 796 3378; x_wconf 88' lang='lat' dir='ltr'>tua</span> <span class='ocrx_word' id='word_1_219' title='bbox 809 3319 909 3377; x_wconf 87' lang='lat' dir='ltr'>limina</span> <span class='ocrx_word' id='word_1_220' title='bbox 922 3317 1043 3391; x_wconf 87' lang='lat' dir='ltr'>adirem,</span> 
     </span>
     <span class='ocr_line' id='line_1_33' title="bbox 225 3416 1035 3491; baseline 0 -18"><span class='ocrx_word' id='word_1_221' title='bbox 225 3416 304 3473; x_wconf 91' lang='lat' dir='ltr'>idem</span> <span class='ocrx_word' id='word_1_222' title='bbox 320 3434 405 3474; x_wconf 90' lang='lat' dir='ltr'>orans</span> <span class='ocrx_word' id='word_1_223' title='bbox 419 3416 558 3475; x_wconf 90' lang='lat' dir='ltr'>mandata</span> <span class='ocrx_word' id='word_1_224' title='bbox 572 3416 669 3476; x_wconf 87' lang='lat' dir='ltr'>dabat.</span> <span class='ocrx_word' id='word_1_225' title='bbox 714 3416 863 3491; x_wconf 88' lang='lat' dir='ltr'>Gnatique</span> <span class='ocrx_word' id='word_1_226' title='bbox 876 3416 1035 3491; x_wconf 86' lang='lat' dir='ltr'>patrisque,</span> 
     </span>
     <span class='ocr_line' id='line_1_34' title="bbox 225 3512 1133 3589; baseline 0.001 -18"><span class='ocrx_word' id='word_1_227' title='bbox 225 3513 309 3584; x_wconf 89' lang='lat' dir='ltr'>alma,</span> <span class='ocrx_word' id='word_1_228' title='bbox 325 3530 436 3589; x_wconf 91' lang='lat' dir='ltr'>precor,</span> <span class='ocrx_word' id='word_1_229' title='bbox 452 3514 588 3571; x_wconf 90' lang='lat' dir='ltr'>miserere</span> <span class='ocrx_word' id='word_1_230' title='bbox 599 3534 608 3585; x_wconf 88' lang='lat'>;</span> <span class='ocrx_word' id='word_1_231' title='bbox 618 3546 658 3557; x_wconf 87' lang='lat'>-</span> <span class='ocrx_word' id='word_1_232' title='bbox 667 3522 752 3589; x_wconf 90' lang='lat' dir='ltr'>potes</span> <span class='ocrx_word' id='word_1_233' title='bbox 766 3530 894 3587; x_wconf 86' lang='lat' dir='ltr'>namque</span> <span class='ocrx_word' id='word_1_234' title='bbox 907 3512 1016 3586; x_wconf 86' lang='lat' dir='ltr'>omnia,</span> <span class='ocrx_word' id='word_1_235' title='bbox 1030 3529 1088 3571; x_wconf 88' lang='lat' dir='ltr'>nec</span> <span class='ocrx_word' id='word_1_236' title='bbox 1102 3522 1133 3572; x_wconf 89' lang='lat' dir='ltr'>te</span> 
     </span>
     <span class='ocr_line' id='line_1_35' title="bbox 225 3608 981 3687; baseline -0.003 -19"><span class='ocrx_word' id='word_1_237' title='bbox 225 3610 404 3687; x_wconf 87' lang='lat' dir='ltr'>nequiquam</span> <span class='ocrx_word' id='word_1_238' title='bbox 418 3608 491 3670; x_wconf 87' lang='lat' dir='ltr'>lucis</span> <span class='ocrx_word' id='word_1_239' title='bbox 506 3610 622 3671; x_wconf 85' lang='lat' dir='ltr'>Hecate</span> <span class='ocrx_word' id='word_1_240' title='bbox 637 3610 778 3687; x_wconf 82' lang='lat' dir='ltr'>praefecit</span> <span class='ocrx_word' id='word_1_241' title='bbox 792 3610 912 3668; x_wconf 87' lang='lat' dir='ltr'>Avernis</span> <span class='ocrx_word' id='word_1_242' title='bbox 922 3629 931 3682; x_wconf 81' lang='lat'>3</span> <span class='ocrx_word' id='word_1_243' title='bbox 940 3640 981 3652; x_wconf 93' lang='lat'>—</span> 
     </span>
    </p>
   </div>
   <div class='ocr_carea' id='block_1_3' title="bbox 655 3736 841 3794">
    <p class='ocr_par' dir='ltr' id='par_1_3' title="bbox 655 3736 841 3794">
     <span class='ocr_line' id='line_1_36' title="bbox 655 3736 841 3794; baseline 0.011 -14"><span class='ocrx_word' id='word_1_244' title='bbox 655 3736 677 3772; x_wconf 70' lang='lat'>⁹⁸</span> <span class='ocrx_word' id='word_1_245' title='bbox 692 3738 795 3794; x_wconf 67' lang='lat' dir='ltr'>cymatia</span> <span class='ocrx_word' id='word_1_246' title='bbox 813 3738 841 3782; x_wconf 89' lang='lat' dir='ltr'>R.</span> 
     </span>
    </p>
   </div>
   <div class='ocr_carea' id='block_1_4' title="bbox 1161 232 1272 296">
    <p class='ocr_par' dir='ltr' id='par_1_4' title="bbox 1161 232 1272 296">
     <span class='ocr_line' id='line_1_37' title="bbox 1161 232 1272 296; baseline -0.027 -14"><span class='ocrx_word' id='word_1_247' title='bbox 1161 232 1272 296; x_wconf 65' lang='lat' dir='ltr'>[nam.</span> 
     </span>
    </p>
   </div>
   <div class='ocr_carea' id='block_1_5' title="bbox 0 0 1423 4292">
    <p class='ocr_par' dir='ltr' id='par_1_5' title="bbox 0 0 1423 4292">
     <span class='ocr_line' id='line_1_38' title="bbox 0 0 1423 4292; baseline 0 0"><span class='ocrx_word' id='word_1_248' title='bbox 0 0 1423 4292; x_wconf 95' lang='lat' dir='ltr'> </span> 
     </span>
    </p>
   </div>
  </div>
 </body>
</html>
