2834 4292
191 307 231 369 28
562 301 727 366 Pastoral
745 301 875 368 Poems.
1127 311 1246 378 [Βυοοι.

189 490 247 547 ulla
260 506 372 547 moram
385 487 491 560 secere,
506 503 603 562 neque
617 487 730 545 Aoniae
744 486 909 562 Aganippe.

191 586 277 644 Illum
290 586 379 643 etiam
392 585 471 656 lauri,
487 585 576 643 etiam
591 583 695 642 flevere
709 585 846 660 myricae.

191 683 298 741 Pinifer
311 682 391 740 illurn
406 682 494 740 etiarn
508 681 570 739 sola
583 680 637 739 sub
651 699 723 756 rupe
737 681 884 739 iacentem

192 779 353 851 Maenalus,
368 788 397 837 et
411 777 500 854 gelidi
513 778 654 836 fleverunt
670 795 741 835 saxa
755 777 872 852 Lycaei.

191 877 274 935 Stant
288 884 318 933 et
331 893 401 933 oves
415 875 526 933 circum
537 875 694 948 3-nostri
709 891 766 930 nec
780 873 912 949 poenitet
924 873 996 945 illas,

190 990 247 1030 nec
261 980 290 1030 te
304 972 455 1047 poeniteat
468 971 592 1046 pecoris,
607 969 706 1028 divine
721 971 812 1045 poeta
820 990 830 1042 ;
839 1002 881 1014 -

191 1079 221 1128 et
234 1070 377 1127 formosus
391 1069 454 1126 ovis
469 1067 507 1125 ad
521 1067 641 1125 flumina
653 1067 734 1142 pavit
748 1065 881 1141 Adonis;
902 1079 909 1094 ·

190 1167 270 1225 venit
283 1175 314 1223 et
327 1165 437 1240 upilio,
459 1164 534 1222 tardi
546 1181 653 1222 venere
667 1164 801 1238 subulci,

191 1262 295 1320 uvidus
310 1262 431 1320 hiberna
444 1262 524 1319 venit
537 1261 575 1319 de
589 1260 695 1336 glande
712 1261 872 1320 Menalcas.

233 1359 345 1418 Omnes
364 1358 447 1417 Unde
461 1377 548 1416 amor
558 1359 611 1416 istc
624 1367 728 1434 rogant
742 1360 796 1417 tibi
803 1364 819 1416 ?
859 1360 948 1418 Venit
960 1360 1086 1436 Apollo:

192 1456 304 1527 ‘Galle,
320 1453 391 1532 quid
406 1455 551 1514 insanis?’
566 1456 678 1531 inquit,
700 1459 769 1514 ‘tua
781 1473 852 1513 cura
865 1457 984 1531 Lycoris

192 1570 302 1630 perque
317 1551 398 1611 nives
412 1552 501 1610 aliurn
515 1569 625 1627 perque
640 1552 759 1611 horrida
772 1562 867 1611 castra
880 1563 982 1612 secuta
994 1555 1058 1614 est’
1086 1566 1089 1572 '

191 1650 281 1708 Venit
294 1659 324 1708 et
338 1649 442 1724 agresti
457 1650 559 1725 capitis
574 1650 704 1708 Silvanus
719 1649 840 1721 honore,

193 1747 320 1805 florentis
335 1747 439 1804 ferulas
453 1756 483 1804 et
495 1746 617 1821 grandia
629 1747 687 1804 lilia
701 1766 850 1822 quassans

194 1846 256 1902 Pan
270 1842 344 1901 deus
357 1842 500 1901 Arcadiae
514 1844 602 1915 venit,
618 1861 706 1918 quern
720 1844 845 1902 vidimus
860 1846 915 1921 ipsi

193 1940 358 2015 sanguineis
372 1940 449 1998 ebuli
463 1940 544 1998 bacis
558 1941 707 2014 minioque
721 1942 885 2001 rubentem.

194 2038 323 2111 ‘Ecquis
337 2037 391 2094 erit
404 2035 548 2095 modus?’
568 2037 681 2112 inquit3
703 2039 812 2096 ‘Amor
825 2058 887 2117 non
901 2040 968 2098 talia
982 2051 1082 2116 curat3

193 2151 250 2192 nec
264 2133 389 2192 lacrimis
403 2132 527 2192 crudelis
541 2135 641 2204 Amor,
657 2151 713 2191 nec
727 2136 858 2209 gramina
871 2137 946 2208 rivis,

193 2249 250 2290 nec
265 2232 358 2307 cytiso
372 2240 534 2289 saturantur
547 2249 627 2306 apes,
641 2249 698 2289 nec
714 2232 817 2290 fronde
831 2235 980 2308 capellae!

233 2329 334 2386 Tristis
348 2327 457 2387 atille:
480 2329 611 2386 ‘Tamen
625 2329 786 2401 cantabitis,
802 2331 948 2389 Arcades’
963 2332 1057 2407 inquit

194 2426 360 2484 ‘montibus
374 2425 448 2482 haec
463 2427 581 2484 vestris:
604 2425 658 2483 soli
672 2436 791 2484 cantare
805 2427 890 2502 periti

194 2487 333 2581 Arcades.
375 2522 403 2582 Ο
418 2523 490 2580 mihi
506 2531 569 2581 turn
583 2541 671 2597 quam
685 2524 810 2581 molliter
823 2542 891 2582 ossa
904 2525 1064 2599 quiescant,

193 2630 288 2677 vestra
301 2636 383 2677 meos
398 2619 468 2677 olim
482 2619 506 2677 si
519 2620 614 2677 fistula
627 2619 707 2678 dicat
721 2624 855 2679 amores!

193 2718 290 2791 Atque
304 2717 415 2774 utinam
429 2734 467 2774 ex
477 2717 562 2775 vobis
576 2735 660 2788 unus,
674 2718 820 2792 vestrique
835 2717 953 2777 fuissem

194 2822 244 2871 aut
258 2823 355 2871 custos
369 2813 472 2888 gregis,
487 2823 537 2871 aut
550 2823 679 2872 maturae
692 2814 799 2872 vinitor
811 2833 885 2873 uvae
898 2818 905 2874 l

194 2910 292 2981 Certe,
306 2909 366 2967 sive
381 2911 451 2968 mihi
466 2910 572 2982 Phillis,
587 2911 647 2968 sive
662 2920 740 2969 esset
753 2913 903 2986 Amyntas,

194 3025 246 3065 seu
261 3007 437 3081 quicumque
452 3007 578 3065 suror—
587 3006 659 3081 quid
673 3017 746 3079 turn,
761 3009 785 3066 si
800 3009 898 3067 fuscus
912 3010 1071 3086 Amyntas;

193 3114 223 3160 et
243 3104 341 3177 nigrae
359 3103 452 3161 violae
467 3113 533 3162 sunt
547 3113 577 3161 et
590 3105 724 3163 vaccinia
737 3106 866 3180 nigra—

193 3218 312 3258 mecum
325 3200 400 3258 inter
413 3201 514 3258 salices
530 3201 608 3258 lenta
622 3202 676 3259 sub
689 3203 748 3260 vite
762 3203 890 3275 iaceret;

193 3306 269 3354 serta
282 3296 353 3354 mihi
368 3296 474 3372 Phyllis
488 3299 606 3374 legeret,
622 3308 753 3356 cantaret
766 3301 916 3375 Amyntas.

233 3394 313 3450 ‘Hic
327 3393 416 3468 gelidi
429 3395 534 3467 sontes,
548 3395 597 3453 hic
611 3395 710 3454 mollia
724 3406 815 3471 prata,
831 3399 944 3472 Lycori,

192 3488 241 3546 hic
255 3508 358 3548 nemus
370 3510 378 3562 3
400 3491 448 3548 hic
461 3493 526 3567 ipso
540 3501 639 3551 tecum
653 3511 841 3552 consumerer
854 3512 936 3554 aevo.

193 3585 282 3644 Nunc
295 3585 413 3646 insanus
426 3605 509 3646 amor
522 3587 587 3648 duri
600 3607 648 3648 me
664 3590 766 3648 Martis
780 3591 810 3649 in
824 3592 910 3650 armis

428 3723 544 3773 Mortis.
560 3727 593 3774 H.
825 3727 847 3762 1⁹
857 3729 956 3779 bubulci.
972 3732 1005 3779 H.

428 3797 450 3833 Π
461 3799 569 3848 omitted.
585 3801 613 3848 R.
825 3801 849 3836 ²⁸
863 3809 968 3852 secutast.
983 3806 1012 3853 R.
