2834 4292
142 321 177 371 v.
193 320 263 386 ²53·]
428 310 622 373 Mnestheus
644 311 718 373 and
739 308 926 374 Cloanthus.
1146 322 1204 389 135

188 496 228 553 Et
242 494 371 570 primum
384 494 414 552 in
429 494 551 570 scopulo
564 495 724 552 luctantem
738 493 847 551 deserit
859 494 918 551 alto
1162 502 1207 535 ²²⁰

142 594 325 667 Sergestum,
341 592 534 667 brevibusque
549 590 630 648 vadis
645 592 805 666 frustraque
819 601 975 649 vocantem

141 693 263 763 auxilia,
276 701 306 749 et
319 691 416 748 fractis
431 689 593 747 discentem
610 706 725 746 currere
738 688 835 745 remis.

142 789 225 847 Inde
240 790 326 865 Gyan
340 789 492 863 ipsamque
507 786 618 861 ingenti
632 787 710 843 mole
725 786 910 844 Chimaeram

140 886 356 961 consequitur;
378 884 466 973 cedit,
482 884 621 957 quoniam
637 882 761 957 spoliata
775 882 912 956 magistro
925 890 979 940 est.

139 985 230 1043 Solus
245 985 362 1059 iamque
377 982 441 1058 ipso
456 990 589 1055 superest
603 981 632 1037 in
647 980 705 1037 fine
721 980 901 1038 Cloanthus:

139 1100 235 1157 quem
249 1082 331 1156 petit,
346 1090 375 1138 et
389 1078 510 1137 summis
525 1076 648 1135 adnixus
662 1076 768 1134 viribus
782 1085 895 1150 urguet.

138 1180 223 1235 Tum
237 1197 305 1236 vero
321 1176 479 1253 ingeminat
496 1176 616 1245 clamor,
633 1174 791 1247 cunctique
806 1182 979 1247 sequentem

137 1276 282 1350 instigant
296 1272 407 1345 studiis,
422 1282 598 1345 resonatque
615 1271 774 1345 fragoribus
788 1270 896 1327 aether.

139 1373 190 1431 Hi
204 1374 353 1448 proprium
367 1371 458 1429 decus
473 1379 503 1427 et
519 1379 634 1443 partum
650 1366 837 1441 indignantur
850 1367 994 1425 honorem

135 1470 175 1527 ni
190 1479 316 1541 teneant,
331 1469 478 1543 vitamque
492 1467 594 1524 volunt
609 1482 662 1539 pro
676 1463 763 1522 laude
777 1464 907 1538 pacisci;

138 1568 199 1625 hos
213 1585 364 1625 successus
379 1566 445 1623 alit:
469 1572 601 1642 possunt,
617 1562 686 1638 quia
698 1578 786 1636 posse
801 1559 943 1618 videntur.

138 1666 184 1721 Et
198 1664 255 1721 fors
270 1665 400 1741 aequatis
415 1663 563 1737 cepissent
578 1660 710 1735 praemia
723 1660 830 1729 rostris,

136 1762 172 1819 ni
188 1761 299 1835 palmas
314 1768 406 1835 ponto
420 1758 545 1817 tendens
560 1768 697 1831 utrasque
712 1757 874 1815 Cloanthus

136 1857 322 1932 fudissetque
337 1874 449 1932 preces,
466 1856 608 1930 divosque
623 1855 654 1912 in
668 1865 737 1911 vota
749 1864 883 1912 vocasset
895 1876 902 1912 :

138 1962 146 1985 ‘
161 1956 211 2025 Di,
226 1955 331 2029 quihus
345 1955 498 2028 imperium
513 1963 557 2011 est
571 1954 676 2029 pelagi,
692 1970 818 2029 quorum
832 1972 961 2029 aequora
973 1974 1068 2031 curro,

135 2053 224 2111 vobis
239 2052 329 2109 laetus
344 2069 400 2126 ego
416 2052 473 2109 hoc
491 2050 667 2108 candentem
684 2050 713 2108 in
728 2051 811 2109 litore
825 2061 941 2111 taurum
971 2094 975 2099 ι

136 2150 318 2207 constituam
333 2160 400 2206 ante
415 2166 487 2219 aras,
503 2150 563 2205 voti
577 2166 652 2219 reus,
669 2159 794 2224 extaque
809 2151 899 2209 salsos

136 2247 296 2322 porriciam
310 2246 341 2303 in
355 2246 459 2303 fluctus
474 2254 503 2303 et
517 2246 584 2304 vina
598 2246 738 2321 liquentia
752 2246 893 2305 fundam!

136 2345 232 2414 Dixit,
249 2361 376 2419 eumque
391 2344 456 2401 imis
472 2344 527 2403 sub
541 2344 675 2401 fluctibus
690 2344 783 2402 audiit
796 2346 892 2405 omnis

138 2440 304 2499 Nereidum
319 2442 482 2517 Phorcique
501 2440 607 2501 chorus
624 2444 821 2519 Panopeaque
835 2445 927 2521 virgo,

136 2550 168 2597 et
183 2549 267 2614 pater
280 2540 342 2613 ipse
358 2557 446 2596 manu
463 2556 570 2614 magna
585 2540 730 2598 Portunus
745 2552 864 2601 euntem

135 2635 273 2710 impulit;
294 2636 342 2693 illa
357 2637 437 2694 Noto
452 2636 537 2694 citius
552 2638 721 2712 volucrique
735 2640 840 2715 sagitta

136 2734 177 2791 ad
193 2744 297 2791 terram
312 2733 391 2808 fugit,
409 2744 438 2791 et
454 2743 539 2809 portu
555 2752 587 2792 se
604 2736 738 2793 condidit
752 2737 820 2796 alto.

177 2832 257 2888 Tum
271 2841 349 2889 satus
365 2830 501 2902 Anchisa,
521 2832 635 2891 cunctis
650 2851 687 2891 ex
701 2853 782 2893 more
796 2837 918 2910 vocatis,

135 2930 280 2986 victorem
294 2946 400 3003 magna
416 2930 570 3003 praeconis
586 2950 659 2990 voce
675 2932 854 2992 Cloanthum

135 3025 275 3095 declarat,
291 3025 432 3101 viridique
450 3026 565 3085 advelat
578 3038 713 3104 tempora
726 3031 816 3102 lauro,

135 3134 317 3191 muneraque
333 3117 362 3173 in
377 3134 465 3175 naves
486 3128 583 3178 ternos
594 3131 695 3195 optare
711 3123 860 3194 iuvencos,

134 3215 263 3289 vinaque
278 3224 306 3271 et
321 3215 432 3289 argenti
451 3234 588 3292 magnum
605 3217 655 3275 dat
670 3220 743 3277 ferre
757 3220 908 3280 talentum.

103 3300 109 3307 ’
135 3311 212 3387 Ipsis
227 3312 403 3387 praecipuos
422 3315 590 3374 ductoribus
606 3315 689 3373 addit
704 3316 848 3375 honores:

133 3409 237 3467 victori
253 3410 440 3486 chlamydem
459 3422 597 3483 auratam,
613 3432 702 3488 quam
717 3414 841 3489 piurima
854 3415 967 3477 circum

133 3526 262 3583 purpura
277 3508 435 3569 maeandro
453 3508 563 3584 duplici
578 3511 728 3569 Meliboea
742 3512 877 3586 cucurrit,

133 3606 320 3681 intextusque
336 3624 410 3681 puer
424 3606 563 3665 frondosa
579 3608 673 3683 regius
691 3607 746 3665 Ida

133 3702 251 3763 veloces
269 3702 365 3763 iaculo
382 3722 483 3762 cervos
499 3721 644 3779 cursuque
659 3705 768 3781 fatigat,

311 3830 477 3890 ¹⁸⁸proiciam.
494 3833 525 3878 R.
795 3835 828 3871 Ν
840 3838 979 3885 Maeandro.
996 3838 1025 3885 R.
