2834 4292
142 318 273 384 1V.598.]
424 306 556 370 AEneas
580 304 702 390 Speedr
724 303 779 368 lais
799 303 922 387 flagrat.

142 495 215 552 Non
230 494 304 569 fugis
320 493 389 551 hinc
403 471 553 568 praeceps,
570 490 641 549 dum
655 491 849 566 praecipitare
863 489 1015 565 potestas?

142 592 209 648 Iam
226 609 305 648 mare
320 590 427 648 turbari
441 590 579 660 trabibus,
594 605 753 662 saevasque
767 586 880 645 videbis

140 690 302 747 conlucere
317 689 405 757 laces,
421 688 478 744 iam
493 687 603 743 fervere
619 687 702 743 litora
715 684 849 753 flammis,

139 788 166 844 si
183 797 212 843 te
228 786 272 843 his
286 786 412 859 attigerit
426 784 506 842 terris
520 786 633 841 Aurora
646 792 820 840 morantem.

139 883 225 941 Heia
238 902 302 958 age,
317 900 420 956 rumpe
436 898 541 939 moras.
583 880 704 937 Varium
718 888 749 936 et
762 878 901 936 mutabile
915 894 1033 953 semper

138 980 273 1039 femina!
315 981 362 1038 Sic
377 979 461 1049 satus,
476 978 557 1036 nocti
572 996 604 1035 se
618 976 777 1034 immiscuit
791 985 880 1033 atrae.

105 1058 262 1152 '‘Tum
277 1095 345 1134 vero
360 1080 484 1146 Aeneas,
500 1075 601 1133 subitis
615 1074 766 1131 exterritus
780 1071 899 1143 umbris,

138 1170 294 1249 corripite
309 1192 415 1233 somno
430 1190 546 1247 corpus,
562 1172 719 1245 sociosque
733 1169 851 1243 fatigat:

139 1280 146 1303 ‘
161 1272 340 1346 Praecipites
355 1271 479 1346 vigilate,
495 1269 556 1339 viri,
572 1278 601 1326 et
616 1266 761 1325 considite
775 1265 924 1338 transtris;

138 1370 245 1427 solvite
260 1370 324 1425 vela
338 1368 397 1425 citi.
440 1368 522 1425 Deus
537 1367 655 1424 aethere
670 1364 774 1421 missus
788 1364 827 1421 ab
840 1363 900 1421 alto

137 1468 278 1525 festinare
293 1467 392 1540 sugam
405 1474 556 1539 tortosque
572 1462 702 1521 incidere
717 1462 800 1518 funes

138 1582 216 1621 ecce
232 1565 335 1620 iterum
349 1562 484 1620 stimulat.
528 1560 683 1635 Sequimur
696 1567 736 1629 te,
750 1566 852 1615 sancte
866 1556 1000 1630 deorum,

137 1660 274 1736 quisquis
289 1678 330 1731 ες,
344 1659 527 1733 imperioque
542 1658 646 1716 iterum
660 1672 797 1731 paremus
810 1664 941 1712 ovantes.

137 1758 230 1817 Adsis
245 1775 264 1815 o
278 1756 470 1831 placidusque
485 1756 574 1825 iuves,
591 1762 621 1811 et
635 1752 731 1811 sidera
744 1751 829 1809 caelo

138 1856 246 1914 dextra
258 1852 353 1912 'seras’
396 1853 486 1923 Dixit,
500 1852 663 1927 vaginaque
679 1850 764 1924 eripit
777 1865 880 1906 ensem

137 1952 323 2022 fulmineum,
338 1952 497 2025 strictoque
512 1950 576 2008 ierit
591 1948 751 2007 retinacula
764 1946 849 2005 ferro.

139 2051 230 2109 Idem
245 2067 348 2107 omnes
363 2048 448 2107 simul
462 2047 548 2107 ardor
563 2046 661 2117 habet,
676 2046 850 2121 rapiuntque
865 2052 1033 2120 ruuntque;

138 2133 226 2206 litora
240 2147 395 2205 deseruere
407 2166 415 2218 ;
437 2146 507 2203 latet
521 2145 577 2204 sub
591 2144 731 2203 classibus
747 2162 877 2219 aequor;

139 2245 242 2303 adnixi
257 2253 394 2319 torquent
410 2261 528 2319 spumas
542 2250 572 2300 et
587 2242 702 2301 caerula
716 2251 842 2301 verrunt.

182 2345 223 2401 Et
237 2343 295 2400 iam
308 2344 403 2417 prima
416 2360 493 2399 novo
508 2340 662 2417 spargebat
677 2340 787 2398 lumine
801 2350 891 2400 terras

137 2440 261 2499 Tithoni
276 2458 416 2499 croceum
430 2440 564 2513 linquens
578 2441 690 2497 Aurora
706 2439 815 2497 cubile.

138 2538 257 2613 Regina
271 2556 287 2595 e
302 2538 428 2613 speculis
443 2546 477 2595 ut
490 2538 616 2612 primum
634 2522 783 2597 albescere
796 2539 895 2597 lucem

137 2636 222 2705 vidit,
238 2646 267 2693 et
281 2637 412 2711 aequatis
428 2636 551 2693 classem
567 2636 730 2709 procedere
745 2637 824 2707 velis,

138 2735 283 2808 litoraque
298 2743 327 2791 et
341 2751 450 2791 vacuos
465 2733 554 2791 sensit
570 2734 632 2791 sine
646 2734 756 2809 remige
771 2744 880 2810 portus,

138 2841 242 2907 terque
258 2842 417 2906 quaterque
433 2849 521 2889 manu
536 2843 641 2907 pectus
655 2850 795 2906 percussa
809 2831 960 2904 decorum,

114 2976 117 2983 .
138 2928 339 3004 flaventesque
353 2929 483 2987 abscissa
500 2946 609 3000 comae,
626 2931 697 2987 ‘Pro
714 2928 855 3004 luppiter,
870 2929 923 2989 ibit

138 3024 204 3086 hic’
219 3026 260 3083 ait
274 3030 321 3085 ‘et
335 3027 439 3085 nostris
453 3027 583 3087 inluserit
597 3026 713 3085 advena
726 3027 843 3102 regnis?

139 3124 168 3181 N
171 3141 212 3181 on
226 3142 307 3181 arma
321 3124 488 3201 expedient,
506 3134 625 3199 totaque
640 3143 677 3183 ex
691 3125 763 3185 urbe
778 3133 946 3201 sequentur,

139 3220 344 3295 deripientque
359 3232 435 3281 rates
451 3222 497 3279 alii
513 3221 683 3280 navalibus?
725 3223 780 3294 Ite,

138 3319 211 3376 ferte
226 3318 277 3375 citi
291 3319 432 3389 flammas,
448 3318 517 3377 date
531 3319 605 3390 vela,
620 3319 759 3394 impellite
773 3337 870 3377 remos
883 3322 940 3377 l·-

139 3416 221 3491 Quid
236 3418 349 3491 loquor,
365 3427 415 3475 aut
428 3418 478 3476 ubi
493 3419 580 3475 sum?
621 3418 706 3501 Quae
722 3427 852 3475 mentem
867 3416 978 3475 insania
992 3416 1106 3475 mutat?

140 3513 247 3573 Infelix
263 3512 352 3585 Dido,
370 3532 449 3573 nunc
463 3524 492 3572 te
508 3514 585 3572 lacta
598 3514 689 3589 impia
703 3524 836 3588 tangunt.

137 3612 216 3670 Tum
231 3610 341 3681 decuit,
357 3630 425 3670 cum
441 3621 556 3687 sceptra
570 3610 673 3668 dabas.
682 3644 723 3653 -
735 3611 782 3669 En
796 3609 899 3669 dextra
912 3609 1055 3687 fidesque,

138 3727 227 3786 quem
243 3726 346 3768 secum
361 3708 470 3783 patrios
485 3708 567 3766 aiunt
581 3714 697 3784 portare
713 3710 847 3779 Penates,

374 3826 410 3865 ⁸²⁸
420 3829 524 3877 amab.
540 3829 569 3877 R.
830 3827 865 3863 ⁸⁹⁴
874 3830 929 3875 tela.
944 3828 974 3877 R.
