2834 4292
211 302 254 369 92
445 303 494 350 111.
518 286 585 350 The
609 286 813 371 Wundering
831 288 874 370 of
888 287 1028 351 AEneas.

212 470 346 528 ambesas
360 470 475 545 subigat
489 470 571 528 malis
581 471 735 529 absumere
750 472 886 530 mensas!

213 566 304 639 Dixit,
319 576 349 625 et
362 566 392 625 in
407 566 507 625 silvam
521 568 626 643 pennis
639 567 737 625 ablata
748 567 863 643 refugit

253 666 292 722 At
305 664 391 722 sociis
406 664 501 721 subita
513 663 626 739 gelidus
640 663 794 721 sormidIne
809 664 926 739 sanguis

213 758 356 836 deriguit;
378 759 512 819 cecidere
526 760 625 832 animi,
640 776 698 819 nec
711 761 770 819 iam
784 761 908 836 amplius
923 761 1020 833 armis,

212 857 267 915 sed
280 858 354 916 votis
368 857 561 933 precibusque
576 857 678 915 iubent
692 875 852 933 exposcere
867 876 984 933 pacem,

212 954 272 1013 sive
287 952 371 1026 deae,
385 973 437 1013 seu
452 955 508 1011 sint
523 954 602 1013 dirae
617 955 824 1029 obscenaeque
839 955 982 1015 volucres.

213 1052 252 1109 Et
265 1060 349 1126 pater
361 1051 504 1109 Anchises
519 1052 609 1126 passis
625 1050 662 1109 de
678 1052 762 1109 litore
776 1052 881 1126 palmis

212 1148 333 1207 numina
346 1166 452 1223 magna
466 1157 561 1219 vocat,
576 1149 754 1223 meritosque
769 1149 874 1207 indicit
887 1151 1033 1211 honores:

213 1246 280 1317 ‘Di,
295 1246 448 1321 prohibete
463 1246 577 1319 minas,
598 1244 638 1317 di,
654 1246 744 1304 talem
759 1249 878 1305 avertite
893 1266 1003 1321 casum,

213 1353 243 1402 et
256 1342 364 1419 placidi
379 1351 489 1401 servate
503 1342 568 1418 pios
582 1344 602 1401 l'
645 1344 724 1401 Tum
740 1344 823 1402 litore
838 1346 938 1403 sunem

213 1440 355 1516 deripere,
370 1458 566 1515 excussosque
581 1439 662 1499 iubet
677 1441 772 1499 laxare
787 1441 936 1501 rudentes.

212 1536 353 1595 Tendunt
365 1537 429 1595 vela
443 1538 534 1609 Noti;
555 1538 680 1613 fugimus
697 1539 900 1613 spumantibus
915 1538 1010 1611 undis,

213 1653 272 1710 qua
286 1654 402 1693 cursum
415 1644 577 1709 ventusque
595 1636 832 1711 gubernatorque
847 1636 981 1695 vocabat.

214 1733 278 1790 Iam
293 1732 392 1790 medio
406 1732 528 1807 adparet
543 1732 633 1790 fluctu
645 1751 802 1791 nemorosa
816 1732 981 1808 Zacynthos

214 1830 441 1905 Dulichiumque
457 1831 601 1905 Sameque
617 1840 647 1889 et
663 1830 782 1888 Neritos
796 1829 888 1889 ardua
901 1830 987 1890 saxis.

214 1927 374 2002 Effugimus
389 1928 526 2001 scopulos
543 1928 671 1998 Ithacae,
689 1928 805 1987 Laertia
818 1946 918 2002 regna,

213 2034 243 2083 et
257 2033 362 2081 terram
375 2023 505 2081 altricem
519 2025 598 2081 saevi
614 2042 799 2083 exsecramur
813 2024 902 2083 Ulixi.

213 2123 288 2181 Mox
301 2129 330 2178 et
345 2122 491 2179 Leucatae
506 2121 641 2179 nimbosa
656 2120 812 2201 cacumina
826 2122 933 2180 montis

213 2228 243 2277 et
257 2217 426 2276 formidatus
439 2218 534 2275 nautis
549 2218 675 2293 aperitur
690 2219 806 2293 Apollo.

214 2316 307 2373 Hunc
320 2316 446 2391 petimus
461 2315 527 2373 fessi
542 2326 572 2374 et
585 2333 692 2392 parvae
709 2315 897 2374 succedimus
911 2314 995 2389 urbi;

212 2431 321 2471 ancora
335 2412 373 2470 de
387 2431 473 2487 prora
486 2414 598 2485 iacitur,
615 2423 692 2473 stant
707 2414 791 2471 litore
806 2431 932 2488 puppes.

208 2506 217 2515 ”
231 2506 241 2515 “
254 2511 333 2585 Ergo
347 2510 493 2585 insperata
506 2510 629 2569 tandem
643 2510 745 2569 tellure
761 2510 856 2585 potiti,

211 2607 422 2683 lustramurque
438 2609 502 2666 Iovi
516 2608 648 2684 votisque
664 2606 850 2666 incendimus
864 2626 937 2680 aras,

213 2706 356 2780 Actiaque
373 2705 469 2763 Iliacis
484 2705 665 2765 celebramus
680 2706 765 2763 litora
778 2703 864 2763 ludis.

214 2803 360 2861 Exercent
373 2804 480 2877 patrias
494 2803 560 2862 oleo
575 2804 690 2862 labente
708 2803 866 2878 palaestras

212 2900 315 2958 nudati
329 2901 420 2974 socii3
441 2902 520 2960 iuvat
534 2903 658 2960 evasisse
674 2911 719 2958 tot
733 2900 820 2959 urbes

212 2997 371 3073 Argolicas,
385 2998 558 3075 mediosque
574 3001 671 3076 fugam
687 2999 815 3057 tenuisse
830 3016 883 3073 per
897 2996 995 3055 hostis.

213 3097 330 3153 Interea
345 3114 483 3171 magnum
497 3098 541 3155 sol
557 3097 792 3155 circumvolvitur
806 3114 925 3164 annum,

212 3202 242 3250 et
256 3192 382 3268 glacialis
397 3194 512 3269 hiemps
527 3195 709 3270 aquilonibus
724 3203 840 3269 asperat
854 3191 957 3249 undas.

212 3293 287 3348 Aere
303 3302 377 3349 cavo
390 3291 528 3366 clipeum,
544 3292 642 3367 magni
656 3301 809 3367 gestamen
824 3289 956 3359 Abantis,
1009 3284 1022 3304 ⁸

212 3387 343 3462 postibus
359 3387 486 3447 adversis
499 3389 567 3465 fign,
583 3398 613 3446 et
626 3406 689 3446 rem
703 3388 832 3445 carmine
847 3388 949 3462 sIgno:

212 3487 332 3543 Amris
346 3501 425 3544 unae
439 3502 479 3543 ns
493 3486 608 3543 Damus
621 3502 792 3545 vrcrunruvs
806 3503 897 3543 naun.

214 3582 358 3656 Linquere
373 3592 435 3640 tum
448 3592 549 3657 portus
564 3582 652 3641 iubeo
666 3593 696 3642 et
710 3583 864 3641 considere
878 3582 1026 3643 transtris:

212 3678 344 3738 certatIm
359 3680 431 3739 socii
445 3679 550 3737 feriunt
564 3697 642 3738 mare
657 3690 686 3739 et
701 3699 830 3755 aequora
842 3689 969 3740 verrunt.

652 3806 783 3864 arpenna.
799 3808 828 3853 a.

1143 297 1271 361 [AEusrn.

1224 761 1271 806 ώο
