2834 4292
224 288 268 368 46
495 303 517 352 1.
549 285 580 350 Τ
575 287 616 350 he
637 285 800 372 Londing
818 287 855 351 in
877 289 1005 372 Africa.
1153 297 1279 363 [AEnern.

224 469 334 529 vidistis
349 469 373 528 si
387 488 476 546 quam
490 469 539 528 hic
552 480 695 529 errantem
710 472 784 531 forte
797 490 938 546 sororum,

223 569 403 626 succinctam
417 569 552 650 pharetra
567 577 596 625 et
611 567 778 656 macqlosae
792 571 919 645 tegmine
933 570 1034 646 lyncis,

224 673 274 722 aut
287 665 448 740 spumantis
465 665 526 740 apri
540 683 657 724 cursum
670 665 799 723 clamore
813 669 1015 741 prementem!

264 761 312 820 Sic
325 762 445 834 Venus,
468 772 497 819 et
510 761 631 820 Veneris
646 771 748 820 contra
761 763 803 820 sic
816 762 891 821 filius
904 781 985 822 orsus
996 785 1005 822 z

224 859 233 888 ‘
245 857 333 916 Nulla
345 866 459 916 tuarum
473 857 572 916 audita
586 857 657 916 mihi
671 877 769 934 neque
781 860 844 917 visa
856 877 986 918 summm
996 892 1039 904 -

223 955 252 1014 0
267 973 355 1030 quam
369 965 398 1012 te
413 973 583 1027 memorem,
597 956 699 1030 virgo?
740 956 878 1032 Namque
892 957 972 1015 haud
985 957 1039 1016 uhi
1051 958 1145 1016 voltus

225 1052 361 1124 mortalis,
377 1069 433 1110 nec
447 1071 506 1110 vox
519 1052 669 1111 hominem
685 1063 787 1112 sonat:
810 1054 848 1126 O,
862 1054 920 1112 dea
933 1065 1012 1112 certe
1021 1086 1064 1098 -

225 1167 264 1207 an
279 1149 393 1207 Phoebi
407 1151 509 1207 soror?
528 1167 565 1208 an
580 1151 775 1236 nympharum
789 1152 935 1226 sanguinis
949 1153 1078 1210 una?-

226 1247 264 1304 sis
278 1247 354 1318 felix,
370 1256 560 1322 nostrumque
574 1248 661 1319 leves,
676 1266 890 1324 quaecumque,
904 1249 1044 1321 laborem,

226 1354 264 1416 et,
280 1362 339 1418 quo
353 1344 408 1402 sub
423 1344 505 1402 caelo
519 1344 650 1417 tandem,
664 1345 770 1420 quibus
783 1346 861 1404 orbis
875 1346 906 1404 in
919 1346 977 1404 oris

226 1440 377 1514 iactemur,
392 1440 510 1500 doceas.
553 1443 650 1517 Ignari
664 1442 876 1517 hominumque
888 1443 1079 1518 locorumque

227 1557 364 1610 erramuS,
379 1548 467 1597 vento
482 1538 539 1597 huc
554 1540 640 1597 vastis
654 1549 684 1597 et
697 1539 833 1598 fluctibus
846 1541 922 1598 acti:

226 1636 317 1694 multa
330 1636 382 1695 tibi
395 1645 463 1695 aute
477 1654 539 1694 aras
554 1647 652 1694 nostra
665 1635 754 1694 cadet
766 1637 863 1694 hostia
874 1636 997 1696 dextra!

265 1734 343 1792 Tum
356 1735 470 1791 Venus:
494 1733 605 1791 ‘Haud
620 1731 760 1812 equidem
773 1734 823 1791 tali
836 1752 885 1791 me
898 1732 1006 1810 dignor
1018 1733 1129 1791 honore
1139 1754 1150 1806 3

224 1831 380 1907 virginibus
394 1832 486 1906 Tyriis
500 1849 564 1889 mos
579 1840 623 1890 est
636 1841 749 1906 gestare
761 1831 937 1907 pharetram,

226 1947 431 2005 purpureoque
446 1929 502 1986 alte
517 1928 719 2009 surastvincire
734 1928 888 2014 cothpmo.

228 2029 338 2086 Punica
350 2045 441 2102 regna
454 2026 544 2098 vides,
558 2027 661 2102 Tyrios
674 2035 705 2084 et
719 2027 861 2101 Agenoris
874 2027 997 2100 urbem3

227 2125 280 2184 sed
294 2126 367 2183 fines
383 2125 493 2201 Libyci,
508 2143 599 2200 genus
613 2124 793 2183 intractabile
806 2123 895 2184 bello.

229 2223 388 2300 Imperium
404 2222 484 2280 Dido
497 2222 585 2298 Tyria
596 2221 669 2298 regit
683 2222 754 2280 urbe
768 2223 909 2297 proiecta,

227 2339 399 2397 germanum
413 2320 534 2395 fugiens.
578 2320 682 2394 longa
695 2327 740 2376 est
754 2319 864 2391 iniuria,
877 2319 984 2396 longae

227 2420 385 2500 ambpges3
407 2417 459 2476 sed
474 2435 589 2476 summa
604 2435 710 2492 sequar
722 2416 836 2492 fastigia
848 2435 953 2476 rerum.

268 2516 369 2574 ‘Huic
384 2515 513 2574 coniunx
526 2514 673 2591 Sychaeus
688 2524 758 2586 erat,
773 2513 930 2572 ditissimus
944 2515 1005 2591 agri

227 2614 418 2684 Phoenicum,
434 2621 465 2670 et
478 2630 586 2688 magno
600 2611 722 2670 miserae
736 2609 860 2669 dilectus
874 2629 984 2683 amore,

228 2715 277 2772 cui
290 2723 373 2790 pater
386 2713 525 2770 intactam
539 2709 670 2781 dederat,
685 2708 843 2783 primisque
857 2709 968 2784 iugarat

227 2812 382 2871 ominibus.
425 2809 484 2869 Sed
498 2827 587 2884 regna
600 2807 669 2883 Tyri
683 2819 837 2881 germanus
850 2805 978 2864 habebat

229 2908 407 2986 Pygmalion,
424 2909 533 2967 scelere
548 2916 616 2988 ante
630 2905 701 2963 alios
716 2903 870 2980 immanior
883 2921 996 2962 omnes.

229 3007 311 3080 Quos
326 3004 530 3064 intermedius
545 3005 625 3063 venit
638 3002 725 3060 furor.
768 3000 821 3058 Ille
835 3000 999 3076 Sychaeum

227 3104 333 3179 impius
348 3113 415 3161 ante
431 3121 504 3174 aras,
516 3112 603 3177 atque
618 3101 679 3159 auri
693 3117 800 3178 caepus
814 3115 923 3169 amore,

227 3200 303 3256 clam
317 3199 392 3276 seryo
407 3200 555 3258 incautum
570 3210 695 3275 superat,
711 3215 829 3257 securus
844 3213 977 3254 amorum
1050 3223 1055 3232 ·

227 3313 382 3372 germanae
394 3317 402 3368 ;
423 3296 592 3372 factumque
607 3295 658 3354 diu
672 3297 784 3367 celavit,
800 3304 829 3352 et
843 3312 969 3370 aegram,

227 3393 319 3451 multa
333 3393 424 3450 malus
438 3393 585 3474 simulans,
600 3411 676 3452 vana
691 3411 743 3470 spe
758 3393 826 3451 lusit
838 3402 996 3450 amantem

228 3467 298 3565 Ipsa
311 3489 364 3548 sed
378 3490 408 3548 in
422 3491 532 3548 somnis
546 3490 688 3549 inhumati
702 3491 783 3550 venit
796 3491 894 3565 imago

229 3586 369 3661 coniugis,
384 3604 435 3644 ora
450 3585 544 3645 modis
558 3587 692 3646 attollens
705 3587 815 3663 pallida
827 3587 916 3660 miris,

314 3741 349 3776 ³²⁸
355 3745 501 3801 pharetram.
517 3745 545 3792 R.
638 3743 673 3778 ⁸⁸⁷
684 3748 787 3791 coturno.
803 3745 832 3791 R.
918 3743 1070 3801 mmm!
1079 3745 1187 3805 always)
1203 3746 1231 3793 R·

314 3815 422 3865 ΜΝ.
438 3818 467 3866 R.
916 3816 1026 3865 mauri·
1041 3818 1071 3866 R
