2834 4292
130 349 170 401 11.
184 348 251 416 286]
455 336 521 401 Tlre
542 336 623 401 Fata
648 337 690 421 of
704 336 859 405 Laocodn.

131 522 413 601 Myrmidonumque
428 521 512 582 dolos
522 542 532 596 ;
553 520 609 581 susi
622 540 675 599 per
688 524 807 583 moenia
818 524 926 585 'leucri

130 624 310 693 conticuere,
325 639 414 696 sopor
429 620 519 679 fessos
534 621 740 696 complectitur
754 633 851 683 artus:

130 729 160 778 et
176 720 234 777 iam
249 718 354 794 Argiva
366 718 494 794 phalanx
507 717 651 775 instructis
664 718 786 778 navibus
800 721 860 779 ibat

129 836 148 875 a
161 815 288 875 Tenedo
302 816 407 873 tacitae
422 832 474 891 per
487 816 583 873 amica
596 814 711 875 silentia
723 817 811 876 lunae

129 917 216 974 litora
228 923 299 972 nota
312 922 425 989 petens,
440 912 571 971 flaminas
586 932 655 973 cum
669 915 749 991 regia
762 916 870 992 puppis

130 1014 282 1084 extulerat,
297 1011 420 1087 satisque
435 1011 526 1070 deum
540 1011 678 1071 defensus
693 1013 800 1090 iniquis

124 1111 260 1185 ¹inclusos
274 1119 358 1167 utero
373 1111 493 1167 Danaos
507 1118 536 1167 et
550 1110 638 1186 pinea
651 1111 750 1171 furtim

129 1207 210 1265 laxat
223 1207 347 1265 claustra
360 1206 460 1265 Sinon.
503 1208 572 1267 Illos
586 1209 749 1284 patefactus
763 1208 802 1268 ad
816 1228 899 1269 auras

129 1303 230 1363 reddit
244 1322 345 1379 equus,
360 1302 486 1380 laetique
502 1322 576 1363 cavo
590 1322 621 1363 se
634 1306 740 1365 robore
754 1317 893 1383 promunt

129 1401 334 1460 Thessandrus
349 1401 561 1477 Sthenelusque
575 1402 676 1475 duces,
691 1414 722 1461 et
734 1402 814 1463 dinis
827 1404 936 1478 Ulixes,

130 1498 293 1558 demissum
308 1499 381 1574 lapsi
395 1517 448 1575 per
461 1500 572 1571 funem,
586 1502 781 1577 Acamasque,
794 1502 962 1578 Thoasque,

37 1638 53 1700 s
64 1646 78 1679 Ι
130 1596 307 1672 Pelidesque
322 1596 547 1672 Neoptolemus
561 1597 733 1673 primusque
747 1599 906 1673 Machaon,

26 1678 34 1713 ⁵
53 1692 338 1855 rQMenetaus,
354 1703 383 1752 et
398 1694 461 1769 ipse
476 1692 537 1753 doli
550 1694 704 1753 fabricator
719 1696 829 1770 Epeos.

146 1790 280 1849 nvaduut
293 1791 397 1850 urbem
411 1808 517 1849 somno
530 1790 659 1871 vipoque
673 1792 817 1868 sepultam
828 1811 837 1863 3

129 1888 296 1947 caeduntur
309 1888 418 1965 vigiles,
431 1888 581 1964 portisque
595 1888 763 1963 patentibus
776 1890 872 1949 omnis

129 1986 280 2061 accipiunt
294 1985 392 2045 socios
406 1995 494 2060 atque
508 1984 625 2059 agmina
638 1987 759 2043 conscia
772 1987 901 2062 iungunt.

168 2084 303 2158 Tempus
317 2092 387 2153 erat,
402 2100 462 2157 quo
476 2081 570 2157 prima
583 2081 665 2157 quies
680 2083 849 2143 mortalibus
863 2086 955 2160 aegris

131 2179 244 2255 incipit,
259 2191 288 2237 et
302 2178 383 2237 dono
397 2177 497 2237 divom
511 2179 673 2254 gratissima
686 2180 785 2254 serpit.

130 2278 167 2335 Iu
180 2275 302 2347 somnis,
318 2293 399 2347 ecce,
413 2284 481 2333 ante
496 2277 598 2334 oculos
611 2277 822 2336 maestissimus
833 2280 948 2336 Hector

129 2374 206 2432 visus
222 2372 326 2431 adesse
340 2372 420 2443 mihi,
434 2372 588 2449 largosque
603 2373 752 2432 effundere
766 2374 860 2445 fletus,

129 2481 260 2547 raptatus
274 2469 356 2544 bigis,
370 2480 403 2527 ut
416 2468 578 2544 quondam,
593 2480 713 2545 aterque
727 2482 851 2531 cruento

130 2568 259 2644 pulvere,
274 2584 385 2642 perque
399 2564 492 2642 pedes
506 2566 645 2625 traiectus
658 2567 720 2625 lora
731 2570 880 2629 tumentis.

131 2666 167 2724 Ei
181 2664 264 2736 mihi,
278 2663 371 2739 qualis
385 2672 456 2735 erat,
470 2672 613 2739 quantum
628 2674 756 2724 mutatus
770 2667 807 2724 ab
821 2667 870 2724 illo

132 2764 276 2834 Hectore,
291 2760 341 2838 qui
353 2761 429 2819 redit
443 2761 563 2848 exuvias
578 2760 698 2820 indutus
713 2764 828 2834 Achilli,

130 2860 176 2919 vel
189 2863 329 2919 Danaum
343 2858 483 2935 Phrygios
497 2858 637 2917 iaculatus
651 2859 801 2935 puppibus
814 2861 897 2936 ignis,

131 2958 314 3033 squalentem
328 2956 449 3015 barbam
464 2965 494 3016 et
508 2965 663 3014 concretos
678 2958 818 3032 sanguine
833 2958 919 3015 crinis

27 3108 30 3117 .
131 3056 309 3130 volneraque
324 3054 371 3113 illa
384 3070 498 3130 gerens,
513 3070 590 3129 quae
604 3054 717 3112 circum
730 3055 854 3130 plurima
867 3074 965 3113 muros

132 3153 247 3229 accepit
260 3152 380 3229 patrios.
422 3152 507 3212 Ultro
521 3151 594 3209 flens
609 3152 671 3226 ipse
685 3150 809 3210 videbar

133 3249 308 3335 compellare
322 3250 415 3307 virum
429 3258 460 3307 et
473 3258 598 3309 maestas
613 3266 784 3327 expromere
797 3268 907 3308 voces:

134 3346 178 3405 ‘0
191 3346 242 3406 lux
256 3346 432 3418 Dardaniae,
448 3363 516 3425 spes
531 3346 559 3405 O
573 3344 714 3405 fidissima
726 3346 884 3417 Teucrum,

121 3460 206 3519 quae
220 3454 318 3503 mutae
333 3454 452 3503 tenuere
466 3444 588 3503 morae?
629 3442 744 3518 Quibus
759 3444 875 3501 Hector
889 3445 928 3503 ab
942 3446 999 3503 oris

135 3550 300 3617 exspectate
314 3540 417 3599 venis?
457 3540 499 3601 Ut
513 3550 543 3599 te
557 3550 624 3616 post
639 3539 731 3598 multa
744 3549 860 3599 tuorum

135 3636 241 3709 funera,
255 3649 323 3713 post
336 3638 430 3696 varios
444 3636 657 3713 hominumque
670 3638 808 3713 urbisque
822 3638 937 3697 labores

136 3732 238 3793 defessi
252 3733 410 3810 aspicimus
424 3737 430 3794 l
474 3734 559 3809 Quae
574 3752 661 3791 causa
675 3734 796 3811 indigna
808 3754 926 3795 serenos

136 3828 262 3895 foedavit
274 3830 391 3894 volus?
431 3832 490 3895 Aut
503 3849 557 3895 cur
570 3830 643 3893 haec
657 3832 776 3896 volnera
789 3836 916 3898 cemol’
