2834 4292
216 276 262 363 96
452 295 504 340 111.
525 277 557 339 T
551 276 593 341 Ire
617 277 821 362 Wandering
839 279 881 360 aff
894 278 1035 343 AEneas.
1151 286 1221 353 [AEn
1273 326 1281 337 .

216 466 242 525 is
255 464 339 523 locus
352 464 432 523 urbis
445 463 508 535 erit,
522 463 638 541 requies
653 481 689 522 ea
702 473 782 522 certa
794 463 938 523 laborum.

217 562 285 621 Nec
298 575 331 620 tu
345 578 511 619 mensamm
526 578 640 618 morsus
655 560 791 618 horresce
805 561 935 619 sumros:

216 659 276 719 iata
289 659 367 717 viam
381 658 540 729 invenient,
554 656 706 733 aderitque
722 667 844 715 vocatus
857 656 974 732 Apollo.

257 756 342 814 ‘Has
356 764 457 813 autern
470 764 569 825 terras,
585 753 710 830 Italique
725 754 802 811 hanc
815 754 906 813 litoris
919 772 1011 827 oram,

216 870 359 929 proxuma
373 870 448 927 quae
462 852 554 909 nostri
568 850 752 926 perfunditur
764 851 900 927 aequoris
912 860 1006 924 aestu,

216 949 331 1025 effuge;
352 958 458 1007 cuncta
472 948 556 1006 malis
569 948 738 1007 habitantur
751 947 868 1005 moenia
881 947 974 1006 Grais.

216 1048 278 1106 Hic
292 1056 322 1105 et
336 1045 455 1121 Narycii
468 1054 630 1121 posuerunt
643 1045 761 1103 moenia
775 1044 872 1116 locri,

216 1152 245 1202 et
256 1141 429 1202 Sallentinos
442 1141 559 1201 obsedit
574 1143 664 1200 milite
679 1159 802 1217 campos

216 1240 334 1315 Lyctius
348 1238 549 1312 Idomeneus;
571 1238 621 1297 hic
634 1240 682 1297 illa
695 1238 779 1296 ducis
793 1238 935 1297 Meliboei

214 1354 303 1413 parva
316 1336 497 1395 Philoctetae
511 1336 634 1395 subnixa
648 1335 759 1393 Petelia
772 1354 866 1394 muro.

215 1433 305 1509 Quin,
319 1434 369 1493 ubi
383 1434 568 1492 transmissae
584 1433 716 1491 steterint
730 1442 809 1490 trans
822 1450 951 1508 aequora
964 1431 1080 1506 classes,

214 1539 244 1590 et
257 1530 359 1606 positis
374 1531 430 1588 aris
444 1530 502 1589 iam
517 1540 586 1589 vota
599 1530 629 1587 in
643 1530 726 1588 litore
741 1529 845 1601 solves,

212 1646 362 1704 purpureo
375 1628 470 1686 velare
485 1646 587 1687 comas
601 1628 759 1702 adopertus
774 1627 892 1700 amictu,

212 1742 251 1783 ne
265 1742 323 1800 qua
337 1724 413 1783 inter
425 1734 544 1784 sanctos
558 1724 632 1801 ignis
645 1724 676 1782 in
691 1724 803 1782 honore
817 1723 941 1782 deorum

212 1821 324 1881 hostilis
338 1822 427 1880 facies
441 1832 576 1880 occurrat
590 1832 620 1879 et
633 1822 734 1879 omina
746 1821 851 1880 turbet.

213 1920 307 1978 Hunc
321 1919 395 1978 socii
409 1937 523 1979 morem
537 1937 694 1990 sacrorum,
710 1918 789 1976 hunc
803 1919 866 1995 ipse
880 1928 999 1978 teneto:

212 2016 270 2075 hac
283 2017 356 2075 casti
370 2026 508 2075 maneant
521 2016 552 2074 in
565 2016 705 2092 religione
718 2025 853 2091 nepotes.

252 2116 323 2173 ‘Ast
336 2113 387 2173 ubi
402 2112 564 2189 digressum
578 2113 691 2172 Siculae
706 2122 736 2171 te
750 2112 911 2171 admoverit
924 2130 993 2171 orae

209 2219 323 2283 ventus,
338 2222 368 2269 et
381 2211 495 2286 angusti
509 2220 657 2269 rarescent
671 2210 796 2268 claustra
809 2210 912 2283 Pelori,

210 2307 292 2365 laeva
306 2307 359 2367 tibi
372 2307 456 2366 tellus
470 2316 500 2365 et
514 2307 603 2383 longo
617 2308 700 2365 laeva
713 2295 851 2383 petantur

209 2422 338 2479 aequora
352 2404 494 2464 circuitu:
517 2404 652 2463 dextrum
666 2404 734 2480 fuge
748 2405 814 2463 litus
829 2415 858 2463 et
870 2404 975 2464 undas.

210 2502 298 2560 Haec
311 2502 379 2561 loca
392 2503 421 2561 vi
435 2502 586 2578 quondam
602 2513 631 2560 et
645 2514 727 2560 vasta
741 2503 880 2561 convolsa
893 2504 1024 2561 ruina-

209 2608 323 2658 tantum
338 2600 402 2659 aevi
415 2601 575 2677 longinqua
588 2601 665 2657 valet
680 2610 793 2658 mutare
807 2609 983 2658 vetustas-

209 2695 366 2755 dissiluisse
380 2697 485 2769 serunt,
500 2716 569 2755 curn
584 2698 717 2772 protinus
730 2707 852 2772 utraque
868 2698 951 2755 tellus

208 2811 268 2851 una
281 2794 374 2867 soret3
394 2794 475 2853 venit
490 2794 591 2852 medio
605 2795 634 2853 vi
647 2803 757 2870 pontus
770 2804 801 2853 et
815 2793 903 2853 undis

209 2891 390 2967 Hesperium
405 2891 503 2951 Siculo
517 2892 591 2949 latus
606 2876 740 2964 abscidit,
757 2911 882 2967 arvaque
897 2902 926 2950 et
939 2892 1034 2952 urbes·

207 2989 291 3046 litore
306 2987 442 3057 diductas
455 3000 579 3064 angusto
594 2989 722 3048 interluit
738 2999 829 3049 aestu.

207 3086 350 3143 Dextrum
366 3086 459 3161 Scylla
472 3085 555 3159 latus,
571 3087 686 3146 laevum
702 3088 859 3163 implacata
873 3088 1038 3164 Charybdis

207 3181 333 3254 obsidet,
348 3192 436 3259 atque
450 3182 512 3241 imo
527 3185 653 3244 barathri
669 3196 714 3243 ter
727 3187 838 3262 gurgite
852 3196 948 3245 vastos

207 3280 306 3339 sorbet
319 3281 349 3338 in
364 3280 519 3357 abruptum
534 3282 647 3355 fluctus,
664 3303 819 3359 rursusque
834 3285 889 3343 sub
902 3303 987 3343 auras

207 3376 290 3451 erigit
303 3377 430 3436 alternos
444 3390 473 3437 et
487 3379 582 3439 sidera
597 3381 730 3439 verberat
744 3381 834 3440 unda.

206 3475 245 3532 At
259 3474 384 3549 Scyllam
398 3478 495 3534 caecis
511 3477 630 3536 cohibet
644 3478 784 3553 spelunca
798 3478 924 3550 latebris,

206 3589 257 3629 ora
271 3581 465 3631 exsertantem
480 3582 510 3631 et
523 3573 606 3631 navis
618 3574 649 3633 in
664 3593 733 3633 saxa
745 3574 918 3635 trahentem.

207 3669 303 3727 Prima
318 3668 445 3728 hominis
460 3669 549 3729 facies
563 3680 593 3730 et
607 3671 731 3747 pulchro
746 3682 867 3747 pectore
881 3673 963 3749 virgo

575 3858 578 3862 Α
614 3797 810 3845 ⁴2⁵exertansem.
826 3800 854 3846 a
