2834 4292
205 328 250 395 70
531 330 565 379 11.
590 313 621 377 T
616 314 659 379 he
678 314 760 379 Fall
776 316 820 399 gf
839 314 933 397 Troy.

245 498 292 559 Sic
306 499 410 559 animis
424 500 562 559 iuvenum
575 500 654 559 furor
666 498 803 559 additus:
825 498 905 571 inde,
918 499 980 574 lupi
994 517 1051 557 ceu

203 606 335 684 raptores
348 606 409 655 atra
422 597 452 655 in
467 597 582 667 nebula,
597 614 672 671 quos
686 596 822 672 improba
833 596 942 655 ventris

205 693 302 767 exegit
315 710 422 751 caecos
434 692 539 763 rabies,
554 694 699 769 catulique
713 693 807 752 relicti

205 789 338 847 saucibus
351 799 523 865 exspectant
537 790 633 863 siccis,
647 808 701 866 per
713 790 781 877 tela,
796 808 852 865 per
862 788 956 849 hostis

205 886 339 945 vadimus
352 886 433 945 haud
447 885 568 945 dubiam
581 887 612 945 in
625 897 760 960 mortem,
775 887 953 963 mediaeque
966 897 1103 947 tenemus

205 983 285 1042 urbis
298 984 354 1042 iter
361 1004 370 1056 ;
392 1002 452 1041 nox
466 993 528 1042 atra
542 1002 615 1067 cava
627 984 818 1043 circumvolat
831 985 943 1044 umbra.

206 1080 281 1154 Quis
294 1079 410 1139 cladem
423 1081 498 1139 illius
510 1082 615 1153 noctis
629 1082 695 1157 quis
707 1080 808 1141 lunera
821 1082 913 1141 fando

206 1178 340 1253 explicet,
356 1188 407 1237 aut
420 1179 512 1253 possit
526 1178 652 1237 lacrimis
665 1196 792 1253 aequare
804 1178 941 1239 labores?

205 1275 284 1334 Urbs
297 1276 417 1349 antiqua
429 1276 494 1347 ruit,
510 1275 617 1334 multos
630 1274 781 1333 dominata
794 1294 849 1351 per
860 1295 976 1350 annos;

205 1372 330 1447 plurima
342 1390 454 1447 perque
468 1373 529 1431 vias
542 1382 709 1431 sternuntur
721 1372 823 1431 inertia
835 1374 946 1447 passim

206 1488 338 1544 corpora,
353 1488 464 1545 perque
479 1468 585 1529 domos
599 1479 628 1527 et
642 1469 778 1544 religiosa
790 1468 916 1528 deorum

205 1567 313 1625 limina.
356 1567 423 1625 Nec
437 1567 490 1625 soli
504 1584 615 1641 poenas
629 1565 701 1625 dant
714 1566 854 1641 sanguine
867 1568 995 1639 Tenem

207 1662 358 1739 quondam
373 1664 462 1723 etiarn
476 1663 562 1721 victis
575 1662 651 1722 redit
663 1662 694 1721 in
707 1663 881 1739 praecordia
893 1664 984 1723 virtus

206 1762 389 1836 victoresque
404 1761 514 1819 cadunt
529 1761 645 1819 Danai:
665 1760 794 1819 crudelis
805 1761 916 1836 ubique

206 1858 311 1929 luctus,
324 1859 434 1934 ubique
447 1876 546 1941 pauor,
561 1867 592 1915 et
604 1858 730 1933 plurima
740 1858 841 1916 mortis
854 1859 964 1933 imago.

248 1956 362 2013 Primus
374 1974 417 2027 se,
430 1957 568 2013 Danaum
581 1974 690 2031 magna
701 1956 862 2013 comitante
877 1964 1002 2026 caterva,

207 2052 381 2129 Androgeos
394 2053 478 2111 offert
491 2052 585 2122 nobis,
601 2052 682 2111 socia
695 2052 813 2127 agmina
825 2052 951 2111 credens

208 2150 325 2221 inscius,
339 2160 427 2224 atque
441 2150 516 2207 ultro
528 2149 624 2208 verbis
638 2149 798 2224 compellat
811 2150 931 2209 amicis:

209 2249 387 2319 ‘Festinate,
400 2248 471 2305 viri:
492 2266 561 2304 nam
575 2265 650 2322 quae
664 2256 728 2305 tam
740 2265 809 2305 sera
819 2257 951 2305 moratur

208 2346 368 2422 segnities?
405 2346 462 2403 Alii
473 2345 589 2420 rapiunt
602 2344 727 2402 incensa
736 2344 892 2420 iemutque

209 2447 371 2519 Pergama3
390 2461 445 2500 vos
458 2442 543 2500 celsis
555 2460 634 2499 nunc
647 2442 776 2517 primmn
787 2460 808 2499 a
819 2442 940 2500 navibus
954 2443 1023 2501 itis!

209 2542 299 2612 Dixit,
314 2550 344 2598 et
358 2540 514 2615 extemplo,
528 2540 719 2615 nequeenim
732 2539 1035 2615 respousadabantur

208 2639 270 2699 fida
283 2639 359 2709 satis,
375 2638 465 2696 sensit
478 2636 595 2695 medios
607 2636 748 2711 delapsus
760 2637 791 2694 iu
804 2635 906 2695 hostis.

210 2737 368 2813 Obstipuit,
381 2745 516 2810 retroque
530 2735 639 2811 pedem
652 2753 721 2792 cum
734 2752 809 2793 voce
823 2734 980 2810 repressit:

209 2836 388 2913 inprovisum
402 2834 492 2909 aspris
506 2832 593 2890 veluti
607 2832 657 2907 qui
671 2832 803 2891 sentibus
816 2850 944 2907 anguem

209 2934 312 3013 pressit
326 2932 407 2989 humi
420 2930 526 3001 nitens,
541 2928 731 3004 trepidisque
742 2938 867 3003 repente
878 2928 984 3003 refugit

209 3032 390 3093 attollentem
405 3030 460 3086 iras
474 3037 504 3085 et
518 3026 633 3084 caerula
646 3026 722 3083 colla
734 3035 917 3098 tumentem3

210 3130 289 3191 haud
304 3147 390 3196 secus
403 3125 576 3200 Androgeos
589 3124 651 3181 visu
665 3124 854 3181 tremefactus
866 3122 974 3180 abibat.

187 3202 366 3300 domimus,
381 3225 479 3285 densis
494 3235 523 3282 et
537 3220 798 3322 circumlupdimur
810 3220 907 3290 armis,

210 3332 385 3407 ignarosque
399 3324 458 3383 loci
471 3323 578 3399 passim
593 3331 623 3379 et
636 3317 791 3377 formidine
807 3326 910 3392 captos

211 3428 383 3491 sternimus:
406 3422 535 3499 adspirat
548 3422 643 3497 primo
657 3419 773 3475 fortuna
785 3414 887 3473 labori.

253 3529 351 3601 Atque
364 3524 413 3583 hic
427 3538 565 3580 successu
580 3518 728 3576 exsultans
740 3515 902 3588 animisque
917 3513 1080 3586 Coroebus,

213 3626 260 3685 ‘O
274 3623 355 3693 socii,
371 3638 430 3697 qua
443 3618 556 3695 prima*
569 3616 662 3691 inquit
676 3616 808 3673 ‘fortuna
822 3612 922 3669 salutis

212 3730 355 3782 monstrat
368 3720 429 3787 iter,
445 3732 562 3791 quoque
577 3711 706 3771 ostendit
720 3729 752 3769 se
766 3709 877 3778 dextra,
892 3724 1049 3783 sequamur
1056 3719 1067 3782 ς

213 3828 360 3881 mutemus
373 3815 492 3893 clipeos,
509 3813 702 3885 Danaumque
718 3806 843 3884 insignia
853 3805 941 3865 nobis
