2834 4292
176 332 197 380 1.
210 331 264 396 53.]
515 323 581 386 The
606 325 718 388 Wratlz
740 326 889 408 ossuno.

176 505 317 579 audierat,
331 506 432 583 Tyrias
447 506 517 584 olim
529 525 606 583 quae
619 517 745 567 verteret
759 526 860 582 arces;

175 601 246 660 hinc
260 603 403 679 populum
418 604 475 662 late
488 621 589 678 regem
602 604 738 680 belloque
753 607 914 681 superbum

174 709 330 758 venturum
344 699 461 759 excidio
475 700 602 775 Libyae:
626 702 668 760 sic
681 702 798 760 volvere
813 705 928 790 Paqcas.

176 795 214 854 ld
228 805 373 869 metuens,
386 797 549 874 veterisque
565 815 679 856 mernor
693 799 826 858 Saturnia
839 799 917 871 belli,

174 895 271 970 prima
284 893 367 970 quod
380 893 419 952 ad
432 895 551 953 Troiam
564 912 618 970 pro
633 896 708 954 caris
722 909 850 972 gesserat
864 897 994 974 Argis-

173 993 305 1051 necdum
320 994 409 1051 etiam
423 1009 528 1052 causae
542 993 648 1051 irarum
662 995 799 1070 saevique
813 995 931 1058 dolores

174 1091 345 1151 exciderant
359 1093 476 1151 animo:
498 1102 597 1152 manet
611 1093 669 1151 alta
682 1104 782 1153 mente
796 1106 948 1171 repostum

174 1191 317 1251 iudicium
332 1191 442 1251 Paridis
457 1201 631 1268 spretaeque
646 1193 750 1252 iniuria
763 1194 882 1268 formae,

149 1300 211 1384 *et
219 1310 311 1368 genus
325 1292 459 1365 invisum,
474 1301 504 1350 et
517 1291 592 1366 rapti
607 1291 788 1367 Ganymedis
802 1293 938 1354 honores.

175 1391 234 1449 His
248 1409 376 1449 accensa
389 1407 485 1466 super,
501 1391 625 1450 iactatos
640 1409 768 1466 aequore
781 1402 846 1450 toto

173 1489 276 1559 Troas,
291 1488 424 1575 reliquias
440 1490 577 1548 Danaum
590 1498 679 1564 atque
693 1489 813 1572 imrpitis
826 1489 942 1564 Achilli,

173 1587 294 1670 arcebat
306 1585 394 1662 longe
409 1587 502 1658 Latio,
517 1587 684 1662 multosque
698 1604 752 1663 per
765 1605 858 1647 annos

173 1684 318 1756 errabant,
334 1684 391 1743 acti
404 1685 478 1757 satis,
493 1685 584 1743 maria
597 1686 697 1744 omnia
711 1686 832 1744 circum.

172 1781 287 1840 Tantae
302 1782 386 1840 molis
400 1793 461 1840 erat
475 1783 641 1841 Romanam
657 1782 787 1841 condere
801 1786 940 1859 gentem!

214 1879 272 1937 Vix
285 1897 302 1938 e
316 1857 480 1956 conspectu
494 1881 607 1940 Siculae
621 1880 730 1939 telluris
743 1881 775 1939 in
788 1881 878 1940 altum

172 1975 240 2034 vela
253 1975 363 2035 dabant
375 1976 452 2048 laeti,
468 1987 498 2036 et
512 1995 631 2053 spumas
646 1977 713 2036 salis
728 1995 794 2035 aere
808 1977 941 2051 ruebant,

173 2093 244 2132 cum
258 2075 344 2146 Iuno,
358 2083 509 2133 aeternum
523 2093 640 2134 servans
655 2075 709 2160 sqb
724 2085 845 2152 pectore
858 2075 971 2149 volnus,

173 2169 249 2228 haec
263 2189 384 2230 secum:
408 2173 514 2230 ‘Mene
529 2172 649 2247 incepto
664 2171 803 2231 desistere
816 2171 934 2245 victam,

173 2286 232 2326 nec
245 2286 331 2343 posse
347 2269 431 2326 Italia
444 2269 626 2328 Teucrorum
640 2279 770 2327 avertere
784 2270 906 2344 regem?

174 2366 296 2441 Quippe
309 2375 393 2424 vetor
404 2366 478 2424 satis.
520 2367 652 2425 Pallasne
666 2384 787 2425 exurere
801 2367 925 2426 classem

172 2463 312 2538 Argivom
326 2472 414 2538 atque
428 2463 508 2539 ipsos
521 2463 618 2540 potuit
631 2463 817 2538 submergere
831 2472 935 2539 ponto,

172 2559 258 2618 unius
272 2560 312 2618 ob
326 2578 435 2619 noxam
449 2569 480 2619 et
492 2561 579 2620 furias
593 2561 692 2642 Aiacis
707 2560 806 2648 Oilei?

172 2657 253 2731 Ipsa,
268 2656 347 2716 Iovis
360 2656 496 2733 rapidum
510 2657 636 2716 iaculata
649 2676 666 2716 e
680 2658 808 2716 nubibus
822 2658 930 2734 ignem,

173 2752 347 2829 disiecitque
361 2763 437 2813 rates
451 2755 612 2830 evertitque
626 2773 756 2830 aequora
769 2756 871 2827 ventis,

172 2849 254 2908 illum
269 2851 450 2926 expirantem
464 2852 602 2910 transfixo
617 2861 738 2928 pectore
753 2852 884 2910 flammas
978 2876 985 2884 ·

172 2946 289 3004 turbine
303 2947 441 3023 corripuit
455 2949 636 3030 scopuloque
651 2949 744 3006 infixit
757 2958 855 3028 acuto.

172 3045 227 3102 Ast
241 3062 307 3119 ego,
323 3063 397 3120 quae
413 3044 513 3104 divom
527 3045 636 3104 incedo
651 3046 760 3121 regina,
777 3047 913 3121 Iovisque

173 3150 203 3198 et
217 3158 300 3199 soror
312 3150 343 3200 et
357 3142 494 3215 coniunx,
509 3161 569 3201 una
583 3161 652 3202 cum
667 3153 756 3220 gente
770 3153 815 3201 tot
828 3161 922 3202 annos

172 3237 249 3295 bella
262 3255 333 3314 gero
346 3241 353 3298 Ι
395 3239 435 3298 Et
448 3241 602 3316 quisquam
617 3259 729 3299 numen
744 3241 864 3299 Iunonis
878 3239 981 3300 adoret

143 3359 162 3418 '.
169 3343 333 3418 praeterea,
348 3345 399 3396 aut
411 3338 536 3414 supplex
549 3339 604 3396 aris
619 3339 752 3414 imponet
765 3338 946 3396 honoreml'

156 3446 165 3456 ·
212 3431 296 3490 Talia
309 3431 457 3517 flammato
471 3453 573 3494 secum
586 3434 645 3494 dea
659 3435 750 3494 corde
764 3436 896 3495 volutans

170 3529 339 3588 nimborum
352 3530 384 3590 in
397 3532 529 3607 patriam,
544 3533 612 3591 loca
624 3534 683 3590 feta
698 3533 858 3591 furentibus
873 3532 984 3604 austris,

170 3627 305 3685 Aeoliam
318 3629 407 3687 venit.
450 3629 511 3688 Hic
524 3640 606 3688 vasto
621 3648 671 3688 rex
686 3630 795 3688 Aeolus
812 3640 895 3689 antro

170 3724 316 3783 luctantes
330 3735 433 3786 ventos
447 3735 695 3804 tempestatesque
710 3746 831 3786 sonoras

230 3853 252 3888 ⁴²
267 3853 326 3901 oili.
341 3855 370 3900 R.
435 3854 593 3914 “conripur't
610 3857 642 3902 H.
708 3855 855 3914 ”imponat
871 3856 904 3901 H.
969 3855 1120 3904 ”ladam
1135 3857 1168 3902 Η.
