2834 4292
637 303 764 368 Moeris.

570 519 767 579 ECLOGUE
790 519 842 578 IX

216 669 250 716 Iu
262 667 304 715 the
317 666 412 715 second
423 665 583 714 distribution
595 665 624 714 oi
636 665 727 714 Italian
744 665 818 714 lands
832 664 892 728 (ue.
908 664 965 729 40),
977 665 1079 728 Virgil’s
1096 665 1159 714 farm
1176 666 1228 716 had

174 751 241 798 been
253 749 372 811 assigned
384 755 409 796 to
422 764 437 796 a
448 748 578 796 centurion
590 748 693 807 Arrius3
716 748 767 795 and
779 748 805 795 in
816 747 932 810 resisting
947 747 987 796 his
998 748 1228 810 claims-relying

174 842 209 874 on
221 825 265 872 the
276 825 385 888 promise
398 824 427 873 oi
436 823 691 886 Augustus-virgil
702 839 810 886 appears
821 830 847 870 to
859 823 924 871 have
935 823 1002 871 been
1014 823 1110 872 treated
1121 825 1228 887 brutally

174 909 209 970 by
220 907 264 955 the
276 907 337 954 rude
350 906 449 964 soldier,
463 906 513 954 and
525 905 575 952 ssed
587 911 613 953 to
626 906 707 953 Rome
723 906 750 953 in
762 905 859 967 danger
875 905 906 953 of
920 905 960 953 his
976 904 1031 954 tite.
1063 907 1158 964 Moeris,
1170 907 1228 954 who

174 991 237 1038 here
249 995 391 1052 represents
403 989 445 1036 the
457 988 538 1051 poet's
555 987 665 1044 villicus,
677 1003 706 1034 or
723 987 838 1044 siward,
851 987 908 1035 tells
924 988 968 1035 the
984 978 1052 1050 Story
1064 987 1094 1036 oi
1107 989 1158 1036 this
1174 1003 1229 1037 cru·

175 1073 235 1132 elty,
248 1071 274 1120 in
286 1087 302 1118 a
313 1071 431 1132 dialogue
442 1071 503 1118 with
515 1086 530 1118 a
541 1070 711 1132 neighboring
722 1069 859 1132 shepherd,
871 1069 986 1131 Lycidas.
1020 1069 1160 1128 Menalcas,
1171 1070 1229 1118 who

175 1154 197 1202 is
216 1153 276 1202 here
295 1153 407 1201 referred
425 1159 451 1200 to
469 1168 547 1200 asan
565 1152 641 1216 adept
658 1152 684 1200 in
702 1167 774 1214 song,
791 1152 813 1200 is
829 1152 911 1214 virgil
926 1151 1036 1200 himself.
1068 1152 1124 1200 'l'be
1142 1159 1229 1216 quota·

176 1233 244 1282 tions
264 1234 294 1282 oi
310 1251 380 1285 verse
400 1237 567 1301 interspersed
586 1253 628 1286 are
648 1237 739 1299 mostly
760 1237 812 1286 free
832 1234 991 1285 translations
1013 1232 1043 1282 oi
1062 1248 1181 1300 passages
1199 1234 1226 1284 in

176 1315 331 1376 Theocritus,
344 1318 451 1383 perhaps
464 1319 528 1367 lrorn
540 1319 709 1383 unpublished
721 1319 810 1366 works.

563 1435 694 1477 LYCIDAS.
736 1436 845 1480 MOERIS·

263 1547 323 1607 UO
337 1557 376 1620 te,
390 1548 496 1620 Moeri,
511 1547 613 1623 pedes,
628 1567 676 1621 an,
691 1567 752 1624 quo
764 1550 812 1607 via
825 1549 917 1622 ducit,
930 1552 962 1609 in
975 1552 1102 1612 urbem?

180 1545 264 1748 Q
304 1646 351 1703 M.
380 1645 544 1720 OLycida‚
559 1647 614 1703 vivi
628 1647 823 1721 pervenimus,
839 1648 954 1705 advena
967 1651 1058 1707 nostri

179 1741 276 1818 (quod
290 1760 452 1816 numquam
465 1743 549 1800 veriti
563 1743 677 1818 sumus)
696 1753 728 1800 ut
741 1762 892 1818 possessor
906 1745 990 1820 agelli

174 1839 304 1896 diceret:
329 1840 433 1897 ‘Haec
448 1857 515 1898 mea
529 1850 614 1912 sunt3
635 1851 748 1898 veteres
762 1841 882 1916 migrate
897 1843 995 1901 coloni
1008 1845 1032 1902 !'

174 1937 264 1993 Nunc
278 1936 356 2007 victi,
371 1937 473 2008 tristes,
489 1937 628 2012 quoniam
644 1939 716 1995 Fors
731 1939 831 1995 omnia
843 1949 946 2011 versat,

173 2033 229 2090 hos
243 2033 331 2090 illi—
340 2033 421 2107 quod
435 2051 492 2090 nec
505 2043 597 2092 vertat
612 2035 687 2092 bene
696 2035 885 2094 -mittimus
899 2035 1021 2096 haedos.

173 2130 210 2188 L.
240 2130 328 2188 Certe
342 2129 480 2204 equidem
495 2130 654 2202 audieram,
670 2149 729 2206 qua
741 2150 773 2188 se
787 2132 951 2190 subducere
966 2134 1057 2192 colles

173 2227 328 2301 incipiunt,
342 2227 481 2302 mollique
496 2228 596 2302 iugum
612 2227 765 2286 demittere
780 2229 865 2301 cliv0,

173 2342 267 2399 usque
282 2324 320 2382 ad
335 2343 441 2400 aquam
456 2334 485 2382 et
498 2335 611 2382 veteres
630 2324 702 2401 (iam
717 2326 809 2382 fracta
822 2326 990 2404 cacumina)
1009 2329 1091 2405 fagos

174 2423 275 2478 omnia
289 2421 464 2479 carminibus
477 2431 606 2479 vestrum
620 2440 748 2480 servasse
764 2424 932 2483 Menalcan.

172 2519 221 2576 M.
249 2517 400 2589 Audieras,
415 2527 445 2575 et
459 2519 536 2576 sama
549 2519 620 2592 fuit3
642 2519 695 2577 sed
710 2521 839 2578 carmina
852 2531 967 2580 tantum

172 2625 273 2673 nostra
286 2616 391 2686 valent,
407 2615 527 2690 Lycida,
543 2616 600 2673 tela
614 2617 689 2673 inter
703 2618 819 2689 Martia,
833 2629 977 2692 quantum

173 2713 322 2772 Chaonias
336 2712 438 2770 dicunt
453 2713 549 2788 aquila
561 2714 697 2771 veniente
712 2715 874 2774 columbas.

173 2809 266 2884 Quod
280 2810 335 2867 nisi
349 2829 396 2868 me
412 2829 598 2885 quacumque
611 2830 702 2870 novas
717 2811 847 2870 incidere
861 2814 926 2872 lites
1012 2845 1020 2860 ·
1098 2850 1103 2860 ·
1128 2851 1132 2859 ·

172 2916 241 2965 ante
255 2907 370 2965 sinistra
384 2925 455 2964 cava
469 2909 630 2966 monuisset
643 2909 681 2967 ab
696 2909 762 2966 ilice
777 2911 888 2981 cornix,
1200 2949 1228 2995 ¹5

171 3023 230 3062 nec
244 3014 310 3062 tuus
325 3004 373 3062 hic
388 3005 507 3076 MoeriS,
522 3023 579 3062 nec
592 3007 701 3064 viveret
715 3007 778 3082 ipse
793 3008 954 3067 Menalcas.

171 3103 208 3160 L.
234 3103 315 3173 Heu,
330 3102 410 3160 cadit
423 3103 453 3160 in
467 3121 644 3178 quemquam
657 3113 772 3162 tanturn
785 3105 901 3164 scelus?
942 3107 1023 3179 Heu,
1037 3118 1088 3168 tua
1101 3109 1187 3170 nobis

172 3217 268 3275 paene
283 3200 367 3258 simul
381 3209 480 3258 tecum
494 3201 596 3258 solatia
609 3210 700 3275 rapta,
717 3202 875 3260 Menalca?

173 3297 247 3370 Quis
262 3307 380 3354 caneret
393 3297 555 3372 nymphas3
577 3297 641 3372 quis
656 3298 776 3355 humum
791 3298 960 3359 florentibus
974 3300 1072 3362 herbis

172 3403 329 3469 spargeret,
344 3403 394 3452 aut
407 3394 490 3452 viridi
503 3395 598 3452 sontes
614 3395 765 3454 induceret
779 3397 902 3455 umbra?

170 3491 227 3548 Vel
240 3509 316 3565 quae
330 3491 441 3565 sublegi
455 3492 559 3549 tacitus
573 3492 625 3550 tibi
640 3493 769 3550 cannina
782 3511 885 3569 nuper,

172 3605 241 3646 cum
254 3597 283 3646 te
299 3586 337 3645 ad
352 3587 472 3646 delicias
486 3589 583 3660 ferres,
598 3589 785 3665 Amaryllida,
799 3593 935 3651 nostras?

547 3787 568 3822 ¹¹
578 3794 613 3834 set
623 3789 661 3849 (as
671 3791 781 3850 always).
802 3793 831 3839 R
