2834 4292
189 256 208 318 8
560 253 722 318 Pastoral
738 255 867 321 Poems.

188 437 231 498 D.
248 425 252 436 ⁸
272 440 319 496 An
333 437 404 496 milri
419 438 567 498 cantando
581 439 674 498 victus
689 459 750 500 non
763 440 899 500 redderet
912 440 960 498 ille

188 553 277 612 quem
291 553 358 594 mea
371 536 547 595 carminibus
562 538 714 596 memisset
727 538 822 597 fistula
835 537 978 613 caprum?

188 633 217 694 Si
231 633 335 706 nescis,
350 650 433 692 meus
448 634 494 692 ille
508 651 597 710 caper
610 633 681 707 init,
703 634 818 692 etmihi
832 637 951 694 Damon

188 731 250 806 ipse
264 730 417 803 fatebatur,
433 729 486 790 sed
499 729 623 789 reddere
639 749 726 806 posse
740 732 875 806 negabat.

187 829 235 886 M.
277 826 433 888 Cantando
448 837 479 885 tu
494 827 583 899 illum,
599 837 649 885 aut
662 845 803 903 umquam
817 828 869 887 tibi
882 828 978 886 fistula
990 845 1058 886 cera

188 925 287 984 iuncta
301 924 374 984 suit?
415 925 485 984 Non
499 934 531 983 tu
546 925 576 982 in
589 925 687 996 triviis,
702 924 831 997 indocte,
846 926 960 984 solebas

188 1022 319 1082 stridenti
335 1023 472 1082 misemm
487 1023 592 1098 stipula
606 1021 777 1097 disperdere
790 1024 931 1081 carmen?

188 1119 230 1180 D.
273 1121 324 1180 Vis
339 1138 409 1196 ergo
423 1119 497 1178 inter
510 1137 565 1178 nos
580 1118 651 1196 quid
665 1119 758 1195 possit
771 1129 892 1194 uterque
906 1120 1032 1178 vicissim

188 1217 390 1294 experiamur?
432 1217 497 1292 Ego
512 1217 588 1274 hanc
602 1217 817 1275 vitulam-ne
829 1217 903 1274 sorte
917 1234 1044 1288 recuses,

188 1315 232 1374 bis
246 1315 324 1373 venit
338 1313 376 1372 ad
392 1313 554 1384 mulctram,
569 1313 653 1372 binos
668 1314 718 1371 alit
732 1313 822 1371 ubere
835 1314 910 1371 setus
919 1345 961 1356 -

188 1411 326 1488 depono:
349 1420 380 1468 tu
396 1410 453 1483 dic,
469 1429 587 1468 mecum
602 1428 661 1486 quo
676 1411 798 1485 pignore
812 1420 914 1467 certes.

187 1507 235 1568 M.
278 1509 324 1566 De
339 1525 426 1584 grege
441 1525 501 1566 non
515 1508 608 1565 ausim
624 1507 782 1583 quicquam
797 1505 945 1581 deponere
959 1518 1068 1565 tecum.

189 1606 242 1664 Est
257 1604 328 1664 mihi
342 1622 470 1680 namque
485 1603 568 1664 domi
582 1613 673 1680 pater,
688 1613 732 1661 est
746 1603 851 1661 iniusta
863 1622 1008 1677 noverca3

188 1703 291 1778 bisque
306 1702 354 1761 die
369 1711 524 1761 numerant
538 1701 627 1760 ambo
641 1718 742 1776 pecus,
757 1701 828 1758 alter
841 1711 871 1758 et
884 1701 1004 1760 haedos.

188 1800 306 1872 Verum,
321 1799 352 1857 id
367 1798 449 1875 quod
464 1799 557 1856 multo
571 1808 632 1855 tute
643 1798 706 1873 ipse
721 1798 848 1856 fatebere
863 1798 966 1870 maius,

188 1896 312 1956 insanire
326 1897 397 1955 libet
411 1896 550 1972 quoniam
566 1895 626 1966 tibi,
641 1895 749 1970 pocula
761 1913 871 1970 ponam

188 1993 293 2070 fagina,
309 1993 452 2052 caelatum
468 1992 557 2051 divini
572 2011 646 2069 opus
660 1991 892 2065 Alcimedontis;

188 2091 267 2150 lenta
279 2091 385 2165 quibus
399 2100 484 2148 torno
499 2090 575 2148 sacili
589 2088 777 2165 superaddita
788 2090 853 2148 vitis

189 2187 309 2246 diffusos
324 2186 432 2245 hedera
445 2187 530 2246 vestit
543 2186 670 2262 pallente
685 2187 858 2262 corymbos:

188 2286 217 2342 in
234 2283 333 2342 medio
348 2283 408 2342 duo
423 2284 513 2359 signa,
529 2283 646 2355 Conon,
662 2283 812 2358 et—quis
827 2283 879 2341 fuit
893 2283 972 2355 alter,

189 2381 342 2456 descripsit
356 2380 438 2440 radio
453 2391 548 2440 totum
562 2381 612 2456 qui
626 2380 761 2456 gentibus
775 2381 886 2451 orbem,

188 2489 322 2553 tempora
335 2495 410 2553 quae
425 2495 545 2549 messor,
561 2495 637 2552 quae
652 2495 762 2535 curvus.
769 2488 864 2535 arator
877 2477 1017 2536 baberet?

190 2574 329 2634 Necdum
344 2574 397 2633 illis
412 2575 491 2633 labra
505 2574 632 2646 admovi,
648 2574 701 2632 sed
716 2573 836 2632 condita
846 2592 938 2633 servo.

188 2672 231 2733 D.
275 2673 313 2730 Et
328 2672 411 2730 nobis
427 2671 506 2730 idem
520 2671 697 2730 Alcimedon
713 2671 773 2730 duo
786 2671 894 2746 pocula
907 2672 984 2743 fecit,

189 2780 218 2829 et
232 2770 312 2829 molli
327 2770 437 2828 circum
453 2779 497 2827 est
511 2787 595 2826 ansas
610 2770 761 2844 amplexus
775 2770 911 2840 acantho,

189 2868 367 2943 Orpheaque
382 2867 412 2924 in
428 2865 526 2924 medio
540 2866 638 2940 posuit
651 2865 793 2941 silvasque
808 2867 965 2942 sequentis.

190 2964 328 3024 Necdum
343 2964 396 3022 illis
411 2963 491 3021 labra
504 2962 631 3034 admovi,
647 2961 700 3020 sed
715 2963 835 3022 condita
848 2982 950 3023 servo:

188 3063 212 3122 si
223 3061 261 3120 ad
275 3061 393 3120 vitulam
408 3071 534 3136 spectas,
546 3059 617 3119 nihil
631 3067 675 3119 est
688 3059 770 3136 quod
785 3061 893 3135 pocula
905 3060 1016 3119 laudes.
1067 3125 1071 3128 ⁴

187 3161 235 3218 M.
279 3160 438 3233 Nunquam
453 3156 542 3216 hodie
557 3156 696 3234 effugies;
717 3158 842 3230 veniam,
856 3176 1045 3234 quocumque
1059 3158 1188 3217 vocaris:

188 3256 288 3314 audiat
302 3255 376 3313 baec
390 3265 503 3314 tantum
512 3287 552 3298 -
563 3254 608 3312 vel
623 3255 673 3330 qui
687 3255 766 3313 venit
780 3273 851 3337 ecce
867 3255 1043 3314 Palaemon:
1211 3264 1240 3311 ⁵0

189 3353 315 3411 efficiam
329 3353 454 3428 posthac
467 3370 505 3410 ne
519 3371 698 3428 quemquam
713 3370 787 3411 voce
800 3353 935 3412 lacessas.

189 3451 232 3510 D.
261 3450 342 3524 Quin
356 3467 419 3525 age,
434 3449 458 3507 si
472 3448 543 3524 quid
557 3449 657 3521 habes,
672 3450 702 3507 in
717 3467 765 3507 me
779 3468 861 3508 mora
874 3468 935 3507 non
949 3449 1003 3506 erit
1016 3449 1082 3521 ulla,

189 3564 246 3604 nee
260 3564 440 3622 quemquam
453 3546 552 3622 fugio:
574 3555 696 3618 tantum,
711 3546 807 3603 vicine
821 3546 988 3618 Palaemon,

544 3748 567 3781 ⁸⁹
577 3749 648 3794 edera
659 3745 697 3805 (as
707 3746 816 3804 always).
837 3747 866 3794 R.
