2834 4292
243 337 262 382 2
610 318 772 382 Pastoral
788 320 919 384 Poems.
1178 328 1294 393 [Booor.

242 521 296 562 nos
309 502 431 578 patriam
446 502 591 578 sugimus3
611 511 653 575 tu,
667 503 774 578 Tityre,
789 503 884 562 lentus
898 504 928 562 in
941 504 1046 564 umbra

241 600 399 658 formosam
412 617 549 658 resonare
563 598 654 658 doces
668 599 845 675 Amaryllida
858 601 951 660 silvas.

245 697 279 754 Τ.
308 697 335 756 O
351 696 508 768 Meliboee,
524 695 599 754 deus
611 696 697 754 nobis
711 696 788 754 haec
800 697 861 754 otia
873 698 961 756 fecit:

242 811 370 868 namque
385 794 438 850 erit
453 793 498 850 ille
513 792 583 850 mihi
599 811 717 868 semper
729 792 822 866 deus,
843 794 917 852 illius
930 813 1011 853 aram

242 908 330 965 saepe
344 899 428 948 tener
440 890 545 948 nostris
560 890 598 948 ab
611 890 735 948 ovilibus
748 891 860 949 imbuet
873 910 974 966 agnus.

243 987 295 1044 llle
310 1005 390 1044 meas
404 1005 498 1045 errare
512 987 612 1058 boves,
626 996 658 1044 ut
673 988 776 1059 cernis,
791 997 821 1045 et
834 987 931 1062 ipsum

206 1107 209 1114 2
241 1082 352 1155 ludere,
368 1101 444 1158 quae
457 1084 572 1156 vellem,
587 1084 701 1142 calamo
714 1085 845 1159 permisit
859 1084 972 1160 agresti.
1023 1073 1026 1079 ’

241 1181 289 1238 M.
318 1181 388 1239 Non
403 1179 542 1255 equidem
557 1180 694 1254 invideo;
716 1181 805 1238 miror
817 1183 928 1256 magis:
949 1180 1080 1258 undique
1093 1183 1162 1242 totis

241 1295 334 1351 usque
349 1277 426 1336 adeo
440 1278 570 1336 turbatur
583 1279 666 1353 agris.
709 1280 766 1349 En,
780 1279 843 1353 ipse
858 1279 983 1354 capellas

241 1376 373 1448 protinus
395 1393 483 1450 aeger
496 1393 573 1450 ago;
594 1375 671 1432 hanc
686 1376 774 1432 etiam
788 1376 844 1447 vix,
858 1376 967 1451 Tityre,
982 1375 1080 1435 duco:

242 1469 291 1528 hic
305 1472 380 1529 inter
393 1471 499 1530 densas
514 1472 629 1547 corylos
642 1471 735 1530 modo
747 1490 875 1546 namque
888 1473 1038 1547 gemellos,

243 1586 327 1643 spem
340 1569 444 1644 gregis,
459 1569 506 1641 ah,
521 1569 601 1627 silice
615 1570 647 1627 in
660 1568 742 1627 nuda
755 1570 863 1626 conixa
874 1570 998 1644 reliquit.

242 1666 336 1741 Saepe
351 1667 460 1724 malum
474 1666 532 1724 hoc
546 1667 640 1738 nobis,
656 1667 679 1723 si
693 1683 779 1724 mens
791 1685 852 1724 non
866 1667 949 1724 laeva
961 1667 1070 1739 fuisset,

243 1762 280 1820 de
295 1764 378 1821 caelo
393 1773 485 1822 tactas
498 1764 619 1822 memini
632 1762 803 1839 praedicere
818 1782 943 1838 quercus
954 1787 1014 1823 :-
1039 1811 1042 1815 .

246 1857 351 1937 [saepe
366 1861 480 1918 sinistra
492 1879 565 1920 cava
577 1860 721 1936 praedixit
736 1862 773 1920 ab
786 1861 852 1918 ilice
867 1860 996 1939 comix]

242 1956 301 2016 Sed
315 1967 424 2030 tamen,
439 1958 493 2016 iste
509 1957 583 2016 deus
596 1958 647 2032 qui
661 1959 706 2029 sit,
722 1957 770 2030 da,
784 1959 893 2034 Tityre,
906 1959 1001 2018 uobis.

246 2054 279 2112 T.
307 2055 432 2125 Urbem,
449 2073 539 2129 quam
554 2054 656 2113 dicunt
670 2056 807 2127 Romam,
824 2055 981 2127 Meliboee,
996 2056 1096 2131 putavi

242 2152 345 2210 stultus
359 2170 415 2227 ego
429 2152 498 2210 huic
512 2161 627 2209 nostrae
642 2152 775 2224 similem,
789 2170 850 2227 quo
864 2169 953 2227 saepe
967 2153 1095 2211 solemus

241 2258 373 2322 pastores
387 2249 487 2306 ovium
500 2258 618 2306 teneros
632 2248 779 2323 depellere
793 2249 888 2308 setus:

242 2345 285 2403 sic
299 2347 421 2404 canibus
436 2346 547 2406 catulos
561 2346 668 2418 similis,
684 2346 727 2404 sic
740 2346 880 2404 matribus
893 2344 1006 2404 haedos

242 2461 354 2514 noram,
370 2443 411 2500 sic
425 2443 520 2518 parvis
534 2460 715 2518 componere
728 2461 836 2518 magna
848 2443 999 2502 solebam:

241 2558 343 2597 verum
357 2540 433 2597 haec
446 2549 560 2597 tantum
573 2540 642 2597 alias
657 2540 732 2597 inter
745 2549 834 2615 caput
848 2541 948 2598 extulit
961 2540 1058 2612 urbes,

242 2647 384 2710 quantum
397 2637 478 2694 lenta
491 2637 585 2694 solent
599 2637 674 2694 inter
686 2637 808 2695 viburna
821 2637 959 2712 cupressi.

241 2734 289 2792 M.
319 2735 358 2792 Et
371 2751 446 2808 quae
460 2743 542 2792 tanta
555 2734 607 2791 suit
622 2735 749 2791 Romam
764 2734 816 2792 tibi
831 2751 919 2791 causa
931 2731 1074 2792 videndi?

245 2833 278 2891 T.
309 2833 458 2904 Libertas;
480 2848 556 2906 quae
571 2849 644 2903 sera,
659 2840 758 2888 tamen
772 2831 899 2905 respexit
913 2831 1046 2902 inertem,

242 2929 396 2987 candidior
408 2939 566 3004 postquam
581 2927 714 2986 tondenti
729 2927 819 2986 barba
833 2926 976 2999 cadebat3

241 3027 368 3101 respexit
381 3037 489 3098 tamen,
506 3039 534 3084 et
548 3027 637 3100 longo
649 3035 717 3101 post
731 3036 864 3099 tempore
878 3024 966 3095 venit,

240 3134 398 3198 postquam
412 3142 467 3182 nos
480 3124 631 3198 Amaryllis
647 3123 745 3195 habet,
760 3122 883 3181 Galatea
896 3121 1030 3195 reliquit:

241 3238 378 3294 namque,
393 3221 608 3292 fatebor-enim,
624 3220 695 3278 dum
711 3239 759 3278 me
774 3220 896 3278 Galatea
909 3219 1037 3291 tenebat,

240 3335 298 3375 nec
312 3336 379 3393 spes
393 3319 530 3376 libertatis
545 3327 614 3390 erat,
629 3336 685 3376 nec
701 3336 771 3375 cura
784 3318 899 3393 peculi:

241 3415 372 3489 quamvis
388 3416 477 3473 multa
491 3416 563 3473 meis
578 3416 668 3473 exiret
682 3416 801 3473 victima
814 3415 931 3490 saeptis,

240 3512 355 3587 pinguis
371 3521 399 3569 et
414 3513 541 3586 ingratae
557 3523 737 3586 premeretur
750 3530 852 3571 caseus
867 3512 939 3583 urbi,

240 3625 302 3667 non
316 3625 456 3682 umquam
470 3610 563 3684 gravis
577 3627 644 3668 aere
658 3608 782 3668 domum
796 3609 866 3667 mihi
881 3608 983 3667 dextra
996 3607 1119 3667 red1bat.

370 3749 540 3810 lfiarmonram.
563 3754 592 3801 R.
711 3752 775 3798 1an
797 3753 825 3799 R
1017 3751 1125 3798 “aedos
1147 3752 1177 3800 R.

356 3824 488 3874 1⁴corulos.
513 3827 542 3874 R.
711 3826 851 3874 ¹⁸ouritted.
874 3827 902 3875 R
1017 3825 1096 3885 ²⁰pos.
1119 3827 1148 3874 R.
