2834 4292
132 315 269 384 1V.327.]
426 311 544 409 Dido’s
566 314 696 398 Appeal
715 284 747 378 to
762 317 902 383 AEneas.

134 504 344 571 temptaturum
360 496 464 569 adituS,
480 508 510 557 et
523 518 599 575 quae
614 500 784 560 mollissima
795 503 876 561 fandi

134 602 278 668 tempora,
294 595 358 669 quis
374 596 458 653 rebus
473 596 577 655 dexter
591 598 705 657 modus.
749 601 840 659 Ocius
855 619 959 661 omnes

134 689 259 765 imperio
274 691 342 749 laeti
356 702 460 767 parent
473 712 509 751 ac
523 694 601 753 iussa
613 695 769 756 lacessunt.

175 790 215 845 At
229 789 330 863 regina
343 788 428 849 dolos
437 823 477 835 —
486 791 551 867 quis
565 793 661 850 fallere
676 795 770 869 possit
783 798 952 856 amantem?

133 887 307 961 praesensit,
322 898 478 963 motusque
492 890 610 965 excepit
623 892 717 965 prima
731 893 852 964 futuros,
987 882 992 889 ¹

133 984 236 1040 omnia
250 994 313 1041 tuta
324 985 439 1043 timens.
483 987 598 1045 Eadem
612 989 703 1064 impia
718 990 809 1047 Fama
822 990 928 1049 furenti

132 1080 239 1138 detulit
253 1083 358 1139 armari
372 1083 494 1141 classem
508 1102 683 1160 cursumque
698 1087 801 1161 parari.

131 1179 235 1236 Saevit
249 1179 334 1254 inops
349 1181 447 1252 animi,
462 1190 612 1257 totamque
627 1183 750 1241 incensa
762 1202 816 1259 per
828 1186 931 1243 urbem

130 1276 303 1348 bacchatur,
318 1278 410 1352 qualis
425 1279 581 1337 commotis
595 1280 691 1338 excita
705 1281 794 1338 sacris

130 1373 255 1449 Thyias,
269 1374 319 1431 ubi
333 1374 434 1433 audito
449 1376 597 1434 stimulant
610 1377 755 1435 trieterica
770 1378 889 1437 Baccho

129 1472 224 1547 orgia,
239 1482 458 1548 nocturnusque
470 1483 557 1532 vocat
571 1474 703 1533 clamore
719 1475 887 1536 Cithaeron.

127 1568 271 1627 Tandem
286 1569 329 1627 his
344 1572 465 1629 Aenean
480 1572 640 1647 compellat
653 1572 775 1630 vocibus
789 1573 883 1632 ultro:

174 1668 382 1726 ‘Dissimulare
397 1669 486 1726 etiarn
500 1670 630 1744 sperasti,
645 1668 767 1744 perfide,
782 1680 895 1729 tantum

127 1784 222 1842 posse
236 1766 326 1836 netas,
342 1766 504 1841 tacitusque
519 1784 588 1825 mea
601 1765 748 1825 decedere
762 1769 859 1826 terra?

129 1864 245 1921 Necte
260 1873 358 1921 noster
371 1882 462 1935 amor,
477 1882 534 1921 nec
549 1873 577 1921 te
593 1863 661 1921 data
675 1862 795 1922 dextera
808 1864 970 1941 quondam,

128 1980 191 2019 nec
206 1961 344 2018 moritura
357 1970 438 2019 tenet
452 1960 564 2019 crudeli
577 1962 678 2019 sunere
695 1960 798 2019 Dido?

129 2059 215 2132 Quin
230 2059 318 2115 etiarn
332 2058 455 2117 hiberno
471 2058 578 2116 moliris
592 2059 687 2116 sidere
702 2058 836 2132 classem,

127 2166 161 2215 et
176 2156 282 2213 mediis
297 2173 435 2231 properas
450 2155 633 2231 aquilonibus
647 2156 688 2214 ire
702 2174 756 2232 per
769 2157 868 2230 altum,

127 2253 280 2312 crudelis?
321 2252 411 2327 Quid,
426 2254 449 2311 si
464 2271 525 2311 non
539 2272 607 2311 arva
620 2254 715 2312 aliena
728 2253 894 2332 domosque

126 2356 246 2429 ignotas
261 2360 385 2427 peteres,
400 2350 453 2409 sed
467 2352 556 2409 Troia
570 2352 689 2426 antiqua
702 2362 843 2426 maneret,

125 2452 221 2510 Troia
234 2468 289 2525 per
301 2450 447 2507 undosum
461 2458 609 2525 peteretur
623 2449 761 2508 classibus
776 2451 908 2526 aequor?

128 2552 225 2610 Mene
240 2549 336 2624 fugis?
377 2550 432 2605 Per
446 2566 502 2623 ego
516 2546 568 2605 has
583 2547 716 2604 lacrimas
730 2546 922 2623 dextramque
937 2559 1017 2607 tuam
1031 2559 1061 2608 te

132 2647 273 2726 (quando
288 2645 365 2704 aliud
380 2645 451 2704 mihi
466 2646 523 2702 iarn
539 2644 660 2702 miserae
675 2644 746 2702 nihil
760 2645 824 2720 ipsa
837 2644 955 2722 reliqui)

125 2765 183 2825 per
197 2746 326 2804 conubia
339 2755 446 2817 nostra,
461 2762 515 2819 per
527 2744 662 2819 inceptos
676 2743 864 2818 hymenaeos,

125 2846 151 2904 si
166 2845 246 2902 bene
261 2842 332 2917 quid
347 2842 384 2900 de
399 2852 428 2901 te
443 2842 544 2913 merui,
559 2842 612 2899 fuit
627 2851 676 2898 aut
689 2841 742 2898 tibi
755 2842 914 2917 quicquam

127 2944 219 3003 dulce
234 2961 342 3013 meum,
357 2942 493 3001 miserere
509 2940 615 2999 domus
629 2940 761 3011 labentis,
777 2949 807 2997 et
820 2941 955 2997 istam-
970 2940 973 2947 '

128 3063 192 3115 oro,
209 3043 233 3101 si
248 3042 312 3117 quis
328 3040 425 3099 adhue
439 3040 577 3117 precibus
592 3040 724 3097 locus—
733 3056 807 3096 exue
821 3047 962 3099 mentem.

126 3143 173 3201 Te
188 3151 311 3217 propter
325 3140 453 3215 Libycae
467 3148 568 3214 gentes
584 3135 814 3211 Nomadumque
829 3139 942 3214 tyranni

127 3238 231 3310 odere,
246 3237 351 3295 infensi
364 3237 463 3315 Tyrii3
486 3246 514 3295 te
529 3248 648 3313 propter
662 3235 792 3294 eundem

127 3336 290 3395 exstinctus
303 3333 409 3411 pudor,
425 3344 463 3407 et,
478 3352 537 3409 qua
551 3335 613 3392 sola
628 3334 723 3393 sidera
737 3333 865 3407 adibam,

127 3434 206 3492 sama
221 3433 308 3508 prior.
351 3432 408 3491 Cui
421 3450 470 3491 me
485 3431 690 3490 moribundam
705 3432 825 3506 deseris,
841 3434 970 3510 hospes?

129 3532 199 3589 Hoc
216 3529 312 3588 solum
326 3548 437 3589 nornen
451 3530 590 3604 quoniam
606 3528 644 3588 de
660 3529 785 3606 coniuge
799 3541 896 3591 restat.

129 3627 209 3702 Quid
224 3628 345 3685 moror?
384 3629 431 3685 An
444 3644 512 3685 mea
526 3626 698 3703 Pygmalion
713 3627 785 3685 dum
799 3630 916 3689 moenia
929 3630 1015 3690 irater

128 3724 266 3795 destruat,
282 3733 333 3782 ant
346 3732 463 3800 captam
478 3722 567 3783 ducat
581 3724 722 3783 Gaetulus
737 3726 858 3786 Iarbas?

129 3822 237 3881 Saltem
252 3821 275 3879 si
291 3840 349 3897 qua
363 3821 434 3879 mihi
449 3820 488 3880 de
502 3830 531 3879 te
547 3832 685 3897 suscepta
698 3822 798 3882 suisset
