2834 4292
153 317 188 365 11.
202 315 256 381 79.]
497 303 529 366 T
524 301 564 368 lu
589 301 727 366 Wooden
747 301 864 368 Herse.

151 491 321 566 inspectura
335 488 440 550 domos
454 499 633 564 venturaque
649 487 776 563 desuper
788 489 861 560 urbi,

151 597 204 645 aut
218 588 320 663 aliquis
333 588 403 645 latet
417 605 514 658 error;
536 603 614 661 equo
627 602 666 644 ne
680 585 801 658 credite,
815 586 932 644 Teucri.

153 682 305 766 Quicquid
320 683 351 741 id
366 693 418 756 est,
433 684 525 742 timeo
541 684 661 740 Danaos
675 691 705 740 et
720 680 801 740 dona
813 683 951 741 serentis’

151 782 201 840 Sic
216 781 300 851 fatus,
315 779 417 838 validis
431 781 581 854 ingentem
596 779 702 859 viribus
717 778 830 836 hastam

151 878 185 936 in
198 876 272 950 latus
285 876 374 952 inque
388 877 440 934 feri
455 895 573 934 curvam
587 875 780 950 compagibus
791 875 889 934 alvum

150 973 312 1032 contorsit:
335 973 414 1032 stetit
427 973 475 1031 illa
489 983 625 1042 tremens,
640 983 784 1046 uteroque
797 989 918 1031 recusso

150 1072 309 1129 insonuere
323 1088 413 1128 cavae
426 1070 626 1145 gemitumque
641 1065 753 1126 dedere
768 1085 920 1129 cavernae.

151 1169 203 1238 Et,
218 1167 242 1225 si
255 1168 314 1225 sata
328 1165 426 1239 deum,
440 1166 465 1224 si
479 1183 564 1224 mens
578 1183 639 1224 non
654 1165 737 1222 laeva
749 1165 859 1238 fuisset,

151 1264 308 1338 impulerat
321 1263 397 1321 ferro
411 1261 559 1338 Argolicas
574 1261 693 1320 foedare
708 1260 841 1334 latebras,

135 1361 310 1462 Troiaque,
324 1378 404 1419 nunc
418 1369 518 1464 stares,
534 1360 698 1434 Priamique
713 1377 764 1416 arx
777 1359 844 1431 alta,
859 1376 1002 1418 maneres

196 1457 286 1528 Ecce,
300 1475 405 1514 manus
419 1444 554 1514 iuvenEm
569 1455 680 1514 interea
693 1465 760 1530 post
773 1465 855 1531 terga
866 1457 1032 1516 revinctum

150 1563 285 1631 pastores
298 1571 408 1629 magno
422 1551 461 1610 ad
475 1569 575 1627 regem
589 1552 717 1610 clamore
733 1552 887 1612 trahebant

150 1648 353 1721 Dardanidae,
368 1649 419 1724 qui
433 1667 465 1707 se
480 1649 613 1724 ignotum
627 1649 811 1708 venientibus
824 1649 910 1722 uiuo,

150 1749 214 1808 hoc
228 1748 324 1822 ipsum
337 1758 369 1805 ut
383 1757 505 1806 strueret
518 1747 695 1821 Troiamque
709 1747 834 1821 aperiret
846 1746 975 1820 Achivis,

150 1845 307 1916 obtulerat,
321 1843 416 1902 fidens
430 1844 520 1902 animi
534 1852 622 1918 atque
637 1843 666 1902 in
681 1855 838 1918 utrumque
850 1854 977 1918 paratus,

148 1961 207 2002 seu
221 1959 334 1999 versare
348 1940 442 2012 dolos,
457 1958 509 1998 seu
524 1949 621 1998 certae
636 1941 814 1998 occumbere
829 1941 923 2001 morti.
1028 1972 1032 1980 ·

150 2038 296 2114 Undique
309 2037 423 2097 visendi
436 2036 535 2097 studio
548 2037 676 2096 Troiana
689 2037 824 2096 iuventus

152 2136 331 2195 circumfusa
344 2136 409 2206 ruit,
424 2143 595 2210 certantque
610 2134 741 2192 inludere
756 2143 855 2210 capto.

151 2233 268 2310 Accipe
281 2251 361 2311 nunc
377 2233 514 2304 Danaum
528 2231 656 2314 insidias,
672 2241 702 2290 et
717 2233 839 2290 crimine
852 2233 891 2292 ab
903 2251 965 2293 uno

152 2331 238 2391 disce
252 2347 365 2416 omnes.

196 2428 334 2502 Namque
348 2436 380 2485 ut
394 2436 556 2502 conspectu
571 2427 601 2484 in
616 2425 717 2486 medio
731 2428 871 2500 turbatus,
886 2429 1005 2488 inermis

126 2555 129 2561 ·
152 2524 287 2584 constitit
299 2533 387 2600 atque
401 2523 494 2582 oculis
509 2524 634 2600 Phrygia
649 2526 767 2600 agmina
780 2525 1007 2600 circumspexit:

152 2623 255 2691 ‘Heu
269 2639 346 2696 quae
360 2637 440 2679 nunc
454 2621 557 2679 tellus’
572 2622 665 2696 inquit
680 2626 775 2698 ‘quae
790 2641 838 2681 me
852 2641 981 2698 aequora
994 2632 1118 2699 possunt

152 2719 314 2795 accipere?
352 2720 412 2778 Aut
426 2719 499 2794 quid
512 2721 571 2778 iam
585 2720 691 2778 misero
708 2719 780 2776 mihi
794 2717 924 2794 denique
937 2730 1035 2793 restat,

153 2819 202 2876 cui
218 2833 315 2892 neque
328 2813 410 2892 apud
425 2818 545 2876 Danaos
559 2834 683 2892 usquam
698 2815 790 2886 locus,
805 2824 835 2873 et
848 2833 937 2890 super
950 2817 1006 2892 ipsi

154 2912 345 2974 Dardanidae
359 2913 464 2972 infensi
478 2930 590 2988 poenas
604 2929 673 2972 cum
688 2912 829 2988 sanguine
844 2914 1008 2988 poscunt?⁸

153 3013 225 3086 Quo
239 3010 350 3094 gemitu
364 3010 497 3068 conversi
511 3009 610 3080 animi,
625 3026 811 3084 compressus
825 3019 855 3067 et
868 3011 965 3069 omnis

153 3109 292 3183 impetus.
335 3103 496 3166 Hortamur
509 3106 581 3178 fari3
603 3123 664 3180 quo
678 3107 819 3180 sanguine
833 3115 939 3178 cretus,

153 3204 264 3280 quidve
278 3204 359 3273 ferat,
375 3211 527 3272 memoret,
542 3218 617 3276 quae
633 3201 668 3260 sit
682 3201 793 3260 fiducia
806 3211 904 3277 capto.

157 3299 226 3379 [Ille
241 3301 326 3370 haec,
340 3298 475 3374 deposita
487 3297 609 3357 tandem
622 3298 789 3370 formidine,
804 3300 879 3359 satur
889 3297 915 3379 ε]

196 3398 331 3458 ‘Cuncta
344 3395 483 3472 equidem
496 3396 559 3468 tibi,
575 3397 650 3466 Rex,
665 3396 751 3454 suerit
764 3396 984 3471 quodcumque,
999 3397 1113 3458 fatebor

154 3511 232 3564 vera,
247 3493 362 3566 inquit,·
382 3497 480 3566 neque
495 3509 543 3549 me
558 3492 693 3566 Argolica
707 3491 747 3550 de
760 3502 848 3566 gente
863 3493 997 3568 negabo:

154 3589 213 3650 hoc
227 3589 375 3666 primumJ
395 3605 462 3659 nec,
473 3587 497 3646 si
511 3588 650 3648 miserum
666 3589 796 3646 Fortuna
809 3588 951 3648 Sinonem

286 3743 409 3794 “starem
424 3743 512 3801 Upon·
671 3745 775 3802 ⁷ssquive
783 3747 848 3803 snat.
864 3747 893 3796 R.
922 3760 1041 3794 memores.
1057 3748 1086 3797 R.

287 3819 310 3855 ⁰1
320 3819 442 3880 optulerat.
457 3819 486 3867 R
673 3819 696 3856 ⁷⁶
707 3821 773 3868 omit.
789 3820 818 3870 R.
