2834 4292
160 329 215 378 111.
228 327 298 393 με]
425 317 492 381 The
513 317 700 400 Departure
713 316 809 398 from
832 313 967 397 Epims.

159 504 255 561 Vobis
269 511 351 577 parta
366 500 469 576 quies;
491 501 603 559 nullum
617 500 702 558 maris
718 516 829 573 aequor
841 496 994 567 arandum,

159 620 231 659 arva
245 619 342 675 neque
358 599 506 657 Ausoniae
521 615 639 673 semper
653 596 791 655 cedentia
804 605 881 653 retro

159 697 350 773 quaerenda:
373 696 500 771 effigiem
515 695 626 753 Xanthi
639 694 817 768 Troiamque
832 692 946 764 videtis,

159 815 254 871 quam
267 806 379 853 vestrae
393 794 489 851 iecere
504 810 618 863 manuS,
635 792 812 863 melioribus,
827 803 908 868 opt0,

157 893 310 967 auspiciis,
325 902 354 950 et
368 910 444 967 quae
458 892 543 949 fuerit
558 891 655 948 minus
671 891 758 948 obvia
771 891 865 949 Grais.

157 992 190 1049 Si
206 989 327 1064 quando
340 990 481 1064 Thybrim
495 988 650 1063 vicinaque
666 988 822 1063 Thybridis
836 1007 905 1047 arva

157 1088 280 1157 intrato,
294 1087 432 1161 gentique
447 1103 533 1143 meae
549 1084 619 1142 data
635 1086 754 1143 moenia
768 1103 897 1158 cernam,

158 1194 302 1259 cognatas
317 1185 403 1242 urbes
417 1184 487 1241 olim
502 1183 688 1259 populosque
704 1184 895 1258 propinquos,

157 1282 264 1357 Epiro,
280 1281 434 1355 Hesperia,
449 1281 555 1355 quibus
571 1279 650 1337 idem
667 1280 823 1338 Dardanus
838 1290 940 1339 auctor

157 1388 250 1452 atque
265 1378 345 1435 idem
360 1396 453 1449 casus,
468 1397 559 1436 unam
574 1377 716 1435 iaciemus
729 1388 881 1453 utramque

155 1476 282 1533 Troiam
296 1475 418 1548 animis3
441 1484 558 1533 maneat
572 1484 686 1533 nostros
701 1493 738 1533 ea
751 1494 821 1534 cura
833 1477 977 1551 nepotes!

201 1573 393 1630 Provehimur
406 1573 512 1647 pelago
526 1572 623 1631 vicina
637 1572 782 1631 Ceraunia
796 1573 883 1644 iuxta,

155 1669 242 1729 unde
256 1670 311 1727 iter
326 1670 439 1727 Italiam
455 1688 614 1744 cursusque
629 1670 816 1729 brevissimus
830 1671 927 1730 undis.

156 1768 212 1826 Sol
226 1768 283 1824 mit
296 1767 407 1824 interea
421 1776 451 1824 et
465 1776 582 1825 montes
597 1768 769 1825 umbrantur
781 1770 888 1843 opaei;

156 1864 317 1923 sternimur
330 1873 449 1939 optatae
464 1864 578 1939 gremio
593 1864 700 1922 telluris
715 1865 753 1923 ad
768 1864 889 1939 undam,
923 1924 927 1932 ,

156 1962 254 2021 sortiti
268 1979 374 2031 remos,
391 1962 558 2035 passimque
574 1962 603 2018 in
619 1962 701 2020 litore
716 1963 797 2020 sicco

157 2076 287 2133 corpora
301 2076 457 2130 curamus,
478 2059 570 2116 fessos
585 2077 673 2133 sopor
687 2060 789 2135 inrigat
803 2070 889 2118 artus.

157 2155 302 2213 Necdum
317 2156 420 2213 orbem
436 2154 568 2213 medium
585 2156 654 2213 Nox
669 2157 746 2215 horis
760 2167 827 2215 acta
840 2156 973 2217 subibat:

157 2251 241 2309 haud
256 2252 353 2327 segnis
368 2262 458 2310 strato
472 2253 561 2326 surgit
577 2254 727 2311 Palinurus
741 2264 771 2311 et
785 2255 881 2312 omnis

157 2350 293 2425 explorat
307 2359 420 2420 ventoS,
435 2358 523 2424 atque
538 2350 654 2409 auribus
668 2350 737 2408 aera
749 2360 867 2426 captat;

156 2446 257 2505 sidera
271 2454 380 2505 cuncta
394 2456 478 2504 notat
492 2447 582 2504 tacito
597 2447 723 2505 labentia
737 2449 830 2519 caelo,

156 2547 318 2603 Arcturum
332 2544 502 2619 pluviasque
519 2543 642 2619 Hyadas
657 2545 849 2620 geminosque
862 2546 996 2614 Triones,

106 2703 110 2712 ,
157 2651 365 2715 armatumque
380 2658 450 2699 auro
466 2641 664 2715 circumspicit
679 2642 801 2701 Oriona.

157 2740 323 2812 Postquam
336 2748 445 2795 cuncta
457 2736 538 2795 videt
551 2738 636 2796 caelo
651 2749 786 2797 constare
800 2757 914 2809 sereno,

157 2834 211 2893 dat
227 2835 337 2892 clarum
352 2853 368 2892 e
383 2835 477 2910 puppi
491 2835 626 2911 signum;
646 2854 701 2893 nos
717 2846 812 2893 castra
825 2854 987 2907 movemus,

157 2942 397 3007 temptamusque
412 2932 488 2990 viam
503 2942 533 2990 et
547 2933 678 2991 velorum
693 2932 850 3007 pandimus
866 2933 933 2992 alas.

200 3031 327 3103 Iamque
341 3030 516 3087 rubescebat
530 3030 618 3087 stellis
633 3032 746 3088 Aurora
758 3031 872 3105 fugatis,

158 3144 229 3183 cum
244 3126 347 3201 procul
361 3127 503 3184 obscuros
518 3127 599 3185 collis
614 3127 815 3202 humilemque
830 3127 963 3187 videmus

158 3224 285 3281 Italiam.
328 3222 450 3280 Italrizm
465 3224 574 3297 primus
591 3224 756 3282 conclamat
771 3224 909 3297 Achates,

157 3320 283 3378 Italr'czm
299 3320 376 3377 laeto
390 3320 463 3377 socii
477 3320 604 3378 clamore
622 3322 757 3380 salutant.

158 3416 237 3475 Tum
251 3426 335 3492 pater
349 3416 491 3473 Anchises
507 3434 647 3491 magnum
662 3428 773 3476 cratera
786 3436 899 3477 corona

158 3512 264 3585 induit,
280 3513 468 3588 implevitque
482 3532 574 3586 mero,
590 3513 733 3589 divosque
747 3517 863 3573 vocavit

159 3620 238 3669 stans
254 3610 332 3667 celsa
345 3610 376 3667 in
389 3611 500 3685 puppi:

161 3707 221 3767 ‘Di
235 3706 323 3767 maris
337 3714 368 3767 et
382 3710 474 3767 tetrae
488 3716 756 3784 tempestatumque
769 3719 916 3785 potentes,

599 3836 631 3872 ³²⁷
644 3840 736 3883 Prima.
753 3838 782 3885 R.
