2834 4292
139 297 161 347 1.
174 296 245 361 727.]
384 284 494 368 Cupid
511 284 701 368 Disguised
718 306 758 348 as
779 284 953 351 Ascanius.

139 471 259 530 floribus
274 479 304 528 et
317 468 398 528 dulci
411 468 563 545 adspirans
577 469 783 545 complectitur
793 469 907 530 umbra.

79 555 304 643 “Tamque
319 567 380 626 ibat
393 565 474 626 dicto
488 584 594 642 parens
607 575 638 624 et
651 566 733 626 dona
745 565 866 642 Cupido

135 665 219 739 regia
231 663 367 739 portabat
381 663 484 738 Tyriis,
499 661 577 721 duce
591 662 684 722 laetus
697 662 821 722 Achate.

136 762 218 820 Cum
231 762 320 832 venit,
336 760 444 818 aulaeis
459 760 517 818 iarn
531 777 564 818 se
577 760 679 834 regina
691 761 824 836 superbis

136 876 227 916 aurea
240 858 406 933 composuit
422 855 538 932 sponda
552 856 740 932 mediamque
754 858 871 918 locavit.

135 957 203 1013 Iam
217 965 301 1030 pater
315 957 429 1013 Aeneas
447 963 478 1011 et
491 954 550 1012 iam
563 954 691 1014 Troiana
703 954 837 1016 iuventus

133 1053 325 1124 conveniunt,
340 1062 488 1130 stratoque
505 1071 593 1129 super
606 1051 801 1112 discumbitur
812 1063 903 1114 ostro.

82 1092 124 1194 Χ
135 1151 220 1208 Dant
234 1149 333 1208 famuli
346 1151 481 1209 manibus
493 1150 634 1226 lymphas,
647 1152 845 1228 Cereremque
859 1153 992 1212 canistris

134 1244 308 1320 expediunt,
323 1248 473 1323 tonsisque
491 1247 589 1306 ierunt
602 1248 740 1330 mantelia
752 1249 834 1308 villis.

134 1346 358 1422 Quinquaginta
370 1346 447 1405 intus
460 1346 595 1419 famniae,
610 1349 717 1424 quibus
730 1347 833 1406 ordine
848 1348 968 1424 longam

134 1461 208 1500 cura
221 1460 331 1517 penum
344 1453 463 1516 struere,
480 1454 511 1504 et
525 1444 650 1504 llamuris
663 1444 782 1504 adolere
796 1446 934 1518 Penatis3

135 1549 259 1598 centurn
272 1540 345 1598 aliae
358 1540 544 1617 totidemque
560 1559 646 1618 pares
659 1552 754 1602 aetate
768 1543 900 1614 ministri,

134 1637 188 1711 qui
202 1634 326 1711 dapibus
339 1655 455 1696 mensas
469 1648 595 1698 onerent
610 1649 640 1697 et
652 1641 761 1714 pocula
772 1651 894 1715 ponant.

135 1734 205 1790 Nec
219 1750 280 1791 non
293 1744 323 1791 et
335 1735 415 1811 Tyrii
428 1753 482 1810 per
496 1736 597 1794 limina
610 1736 687 1794 laeta
699 1738 868 1812 frequentes

134 1847 312 1902 convenere,
326 1831 396 1889 toris
410 1832 481 1890 iussi
497 1833 683 1892 discumbere
698 1835 793 1910 pictis.

134 1928 282 1986 Mirantur
295 1926 376 1986 doua
389 1930 517 2001 Aeneae,
533 1930 673 1989 mirantur
687 1932 785 1990 Iulum

134 2024 339 2100 flagrantisque
354 2022 404 2082 dei
416 2025 511 2084 voltus
526 2026 719 2102 simulataque
732 2029 830 2099 verba,

138 2119 321 2198 [pallamque
336 2131 366 2180 et
379 2122 491 2198 pictum
507 2141 614 2183 croceo
628 2125 764 2183 velamen
777 2124 932 2205 acantho]

135 2218 298 2292 Praecipue
313 2217 420 2290 infelix,
436 2219 513 2293 pesti
528 2219 636 2278 devota
648 2221 771 2293 futurae,

134 2314 246 2389 expleri
260 2323 391 2373 mentem
404 2316 506 2391 nequit
521 2315 705 2400 ardescitque
719 2318 833 2404 tuendo

134 2410 305 2482 Phoenissa,
320 2421 351 2470 et
364 2412 469 2488 pariter
484 2431 576 2489 puero
591 2413 737 2490 donisque
751 2427 893 2476 movetur.

53 2572 60 2576 ,
104 2564 109 2569 .
132 2508 189 2568 Ille
203 2508 255 2568 ubi
268 2509 425 2585 complexu
439 2513 559 2568 Aeneae
574 2512 711 2588 colloque
724 2513 868 2589 pependit

133 2615 164 2663 et
178 2623 319 2680 maguum
332 2605 395 2664 falsi
409 2605 540 2684 implevit
553 2608 692 2683 genitoris
706 2628 847 2682 amorem,

131 2703 266 2776 reginam
280 2702 372 2777 petit:
394 2701 469 2761 haec
483 2705 586 2774 oculis,
600 2704 675 2762 haec
689 2717 809 2782 pectore
823 2716 888 2766 toto

132 2797 237 2858 haeret
250 2809 280 2857 et
294 2797 439 2858 interdum
455 2801 567 2878 gremio
582 2801 671 2872 fovet,
686 2803 779 2860 inscia
793 2804 884 2876 Dido,

131 2895 241 2975 insidat
252 2905 377 2970 quantus
391 2897 515 2984 miserae
530 2897 625 2972 deus;
647 2909 677 2957 at
690 2916 806 2959 memor
818 2901 867 2960 ille

132 2992 233 3050 matris
247 2991 397 3052 Acidaliae
413 2993 552 3068 paulatim
568 2995 685 3054 abolere
700 2997 865 3072 Sychaeum

132 3089 245 3165 incipit,
261 3096 291 3149 et
304 3088 370 3149 vivo
385 3099 511 3166 temptat
524 3101 705 3176 praevertere
720 3112 821 3154 amore

131 3186 192 3246 iam
206 3185 322 3262 pridem
335 3185 447 3247 resides
463 3187 576 3248 animos
591 3189 772 3267 desuetaque
787 3191 888 3252 corda.

173 3285 334 3361 Postquam
349 3285 443 3360 prima
457 3286 541 3362 quies
555 3287 656 3362 epulis,
671 3305 850 3364 mensaeque
864 3299 1004 3362 remotae,

131 3389 258 3470 crateras
272 3399 396 3457 magnos
411 3391 542 3442 statuunt
556 3391 586 3441 et
598 3384 666 3443 vina
679 3396 831 3444 coronant

132 3478 180 3536 Fit
190 3478 327 3553 strepitus
342 3479 438 3551 tectis,
452 3497 617 3554 vocemque
631 3499 685 3557 per
698 3483 797 3556 ampla
808 3482 941 3541 volutant

131 3574 222 3648 atria3
243 3573 417 3652 dependent
431 3575 531 3651 lychni
545 3577 729 3652 laquearibus
742 3580 836 3637 aureis

131 3671 253 3745 incensi,
269 3681 300 3732 et
312 3680 434 3731 noctem
448 3671 571 3760 flammis
585 3672 694 3731 funalia
707 3674 837 3759 vincunt.

334 3795 370 3834 ἢ·
380 3799 489 3847 insidat
519 3799 581 3847 Edu
591 3800 659 3848 mult.
861 3803 897 3837 ’Μ
908 3807 934 3851 it.
949 3805 978 3853 R.
