2834 4292
145 322 195 372 111.
210 320 278 385 ran]
368 309 400 370 T
395 309 436 372 he
463 308 494 369 T
489 307 562 370 omb
585 308 626 390 of
640 307 848 388 Polydorus:
869 306 977 369 Delos.
1157 307 1200 383 87

145 495 297 568 Pergama,
311 493 445 568 reliquias
461 493 598 549 Danaum
612 501 699 565 atque
714 490 833 548 immitis
846 490 961 547 Achilli.

144 591 244 664 Quem
259 590 427 663 sequimur?
469 588 574 661 Quove
589 588 629 644 ire
645 587 748 644 iubes?
788 587 849 645 Ubi
862 605 973 661 ponere
987 585 1096 645 sedes?

142 688 201 757 Da,
216 697 308 761 pater,
323 685 484 760 augurium,
501 695 588 759 atque
603 684 707 741 animis
722 683 850 741 inlabere
864 685 988 741 nostris!

182 784 242 840 Vix
256 801 292 840 ea
304 783 379 841 satus
394 801 491 839 eram:
514 792 638 839 tremere
653 781 754 838 omnia
765 782 827 837 visa
840 790 971 855 repente,
1169 791 1200 833 9⁰

139 881 302 955 liminaque
318 880 470 954 laurusque
487 877 544 950 dei,
561 888 697 953 totusque
711 878 822 935 moveri

66 1005 88 1033 ·.
139 996 230 1035 mons
244 978 363 1047 circum,
379 986 409 1034 et
423 976 533 1051 mugire
551 975 644 1051 adytis
659 976 773 1032 cortina
785 973 913 1032 reclusis.

139 1075 284 1132 Submissi
298 1075 424 1149 petimus
439 1084 554 1143 terram,
569 1082 599 1129 et
613 1091 670 1130 vox
684 1072 773 1129 fertur
785 1070 825 1129 ad
838 1072 933 1129 auris:

140 1169 351 1229 ‘Dardanidae
367 1170 440 1242 duri,
456 1188 532 1245 quae
547 1188 600 1227 vos
615 1188 632 1227 a
646 1169 735 1243 stirpe
748 1177 902 1243 parentum

138 1270 237 1344 prima
251 1268 314 1326 tulit
327 1269 421 1339 tellus,
434 1267 541 1324 eadem
556 1285 607 1323 vos
622 1266 712 1323 ubere
726 1264 804 1321 laeto

138 1364 270 1439 accipiet
281 1364 417 1423 reduces.
459 1365 620 1439 Antiquam
636 1362 777 1437 exquirite
791 1370 931 1420 matrem:

137 1462 189 1519 hic
206 1461 313 1519 domus
327 1464 446 1519 Aeneae
462 1462 576 1519 cunctis
591 1460 791 1518 dominabitur
804 1458 871 1529 oris,

138 1570 171 1617 et
185 1560 247 1617 nati
262 1569 407 1631 natorum,
422 1570 451 1617 et
466 1560 516 1633 qui
530 1567 687 1617 nascentur
700 1558 739 1614 ab
754 1555 827 1613 illis!

182 1658 271 1714 Haec
287 1658 444 1729 Phoebus;
465 1657 616 1731 mixtoque
631 1655 737 1733 ingens
753 1665 853 1711 exorta
866 1652 992 1711 tumultu

136 1754 259 1825 laetitia,
275 1764 304 1811 et
318 1755 417 1811 cuncti
431 1770 506 1828 quae
522 1753 578 1809 sint
593 1770 628 1809 ea
643 1751 762 1809 moenia
775 1760 925 1825 quaerunt,

137 1870 201 1927 quo
217 1851 354 1909 Phoebus
368 1860 455 1908 vocet
470 1849 590 1907 errantis
605 1848 762 1922 iubeatque
777 1846 902 1904 reverti?

136 1950 219 2005 Tum
232 1948 355 2022 genitor,
370 1956 502 2004 veterum
516 1946 636 2003 volvens
650 1954 843 2002 monumenta
856 1945 990 2015 virorum,

138 2043 278 2115 ‘Audite,
294 2043 322 2102 Ο
337 2046 492 2118 proceres'
507 2044 547 2101 ait
562 2047 610 2100 ‘et
623 2060 691 2117 spes
707 2041 811 2099 discite
826 2052 951 2099 vestras:

138 2142 231 2201 Creta
245 2141 323 2199 Iovis
338 2142 437 2215 magni
451 2140 551 2199 medio
566 2142 643 2198 iacet
658 2140 752 2197 insula
765 2148 877 2213 ponto;

137 2256 228 2295 mons
243 2237 351 2296 Idaeus
366 2238 425 2309 ubi,
441 2248 471 2296 et
485 2239 579 2312 gentis
594 2237 742 2295 cunabula
755 2245 881 2295 nostrae.

138 2336 272 2394 Centum
286 2335 372 2393 urbes
386 2335 518 2393 habitant
533 2354 662 2410 magnas,
678 2334 824 2392 uberrima
837 2351 927 2409 regna
935 2353 946 2405 3

138 2433 286 2489 maximus
300 2432 380 2489 unde
395 2443 486 2507 pater,
502 2434 528 2491 si
542 2434 595 2490 rite
611 2431 712 2511 audita
725 2431 873 2501 recordor,

137 2531 273 2586 Teucrus
288 2530 438 2587 Rhoeteas
453 2531 580 2605 primum
596 2540 640 2587 est
655 2528 795 2586 advectus
811 2529 841 2585 in
854 2546 929 2600 oras,

138 2626 311 2701 optavitque
326 2627 426 2685 locum
440 2646 539 2702 regno.
583 2626 728 2685 Nondum
742 2627 829 2683 Ilium
843 2635 873 2683 et
886 2644 967 2683 arces

139 2726 319 2798 Pergameae
334 2734 492 2795 steterant;
515 2724 684 2781 habitabant
698 2724 818 2781 vallibus
832 2724 907 2781 imis.

139 2821 225 2878 Hinc
240 2830 333 2879 mater
346 2820 450 2879 cultrix
464 2821 568 2896 Cybeli
585 2822 820 2896 Corybantiaque
834 2838 902 2878 aera

140 2917 326 2992 Idaeumque
340 2936 464 2991 nemus3
487 2917 556 2976 hinc
572 2917 632 2975 fida
648 2918 762 2976 silentia
775 2920 872 2990 sacris,

140 3025 170 3072 et
185 3014 277 3071 iuncti
292 3032 408 3072 currum
423 3014 561 3072 dominae
578 3016 693 3073 subiere
707 3017 818 3074 leones.

141 3112 223 3185 Ergo
237 3110 323 3184 agite,
338 3121 376 3182 et,
393 3111 494 3169 divom
510 3112 622 3171 ducunt
637 3131 695 3188 qua
709 3114 794 3185 iussa,
809 3133 965 3190 sequamur
973 3136 983 3188 3

139 3202 292 3275 placemus
306 3213 409 3260 ventos
424 3213 454 3260 et
469 3205 583 3263 Gnosia
596 3224 688 3281 regna
701 3216 844 3280 petamus

141 3299 169 3355 N
173 3316 209 3355 ec
222 3298 313 3373 longo
327 3297 436 3357 distant
452 3319 537 3359 cursu
550 3322 558 3373 ;
582 3302 674 3360 modo
690 3303 823 3377 Iuppiter
835 3302 920 3375 adsit,

140 3394 226 3451 tertia
240 3395 289 3452 lux
305 3395 429 3454 classem
446 3398 576 3457 Cretaeis
593 3398 673 3456 sistet
687 3399 717 3455 in
732 3400 808 3457 oris’

141 3492 190 3549 Sic
204 3492 289 3563 fatus,
307 3495 425 3552 meritos
442 3496 497 3553 aris
513 3497 650 3554 mactavit
665 3496 802 3568 homme,

141 3596 256 3646 taumm
271 3590 423 3664 Neptun0‚
439 3601 553 3650 taurum
568 3593 629 3663 tibi,
644 3593 769 3668 pulcher
783 3595 898 3669 Apollo,

141 3685 255 3761 nigram
270 3688 373 3745 Hiemi
388 3687 545 3783 pecudem,
561 3689 697 3767 Zephyris
713 3692 846 3749 felicibus
860 3692 965 3750 albam.

346 3815 380 3849 102
392 3818 540 3864 mumma,
555 3818 584 3866 R,
801 3820 834 3853 111
849 3821 948 3877 Cybelae.
964 3820 997 3866 H.
