2834 4292
207 296 269 361 130
642 296 673 345 v.
700 278 814 363 Sicily.
1135 291 1266 355 [AEuarn.

204 466 326 539 Iamque
341 462 413 537 dies,
428 463 484 523 nisi
497 462 588 536 fallor,
603 462 696 535 adest,
711 482 802 539 quem
815 482 932 540 semper
946 466 1096 537 acerbum,

92 644 99 664 '
203 580 319 637 semper
332 562 507 619 honoratum
516 562 609 619 -sic
622 561 653 619 di
666 562 980 621 voluistis-habebo.

203 660 295 716 Hunc
306 676 363 734 ego
377 658 507 718 Gaetulis
521 676 639 733 agerem
653 659 677 715 si
691 659 819 733 Syrtibus
833 660 924 729 exsul,

202 755 374 831 Argolicove
389 756 461 813 mari
476 754 638 831 deprensus
652 766 681 813 et
696 756 767 813 urbe
783 757 952 830 Mycenae;

202 870 300 911 annua
313 862 381 910 vota
395 862 494 909 tamen
509 852 718 927 sollemnisque
730 852 834 911 ordine
848 871 975 929 pompas

202 966 384 1024 exsequerer,
399 959 598 1024 strueremque
612 950 671 1007 suis
684 950 784 1007 altaria
798 949 893 1009 donis.

202 1048 291 1104 Nunc
305 1046 380 1104 ultro
394 1045 433 1103 ad
447 1047 563 1105 cineres
576 1046 666 1121 ipsius
680 1056 710 1104 et
724 1065 792 1105 ossa
804 1048 941 1123 parentis,

201 1142 281 1201 haud
295 1142 432 1217 equidem
447 1143 510 1201 sine
525 1154 632 1215 mente,
643 1161 718 1213 reor,
733 1144 796 1202 sine
810 1146 931 1203 numine
945 1143 1056 1215 divom,

201 1240 341 1299 adsumus
355 1250 385 1298 et
399 1250 500 1316 portus
515 1240 603 1298 delati
617 1241 757 1299 intramus
770 1242 892 1301 amicos.
1021 1278 1026 1285 -

203 1340 282 1414 Ergo
296 1340 382 1414 agite,
397 1348 427 1396 et
441 1339 548 1396 laetum
564 1339 661 1397 cuncti
676 1339 859 1399 celebremus
872 1339 1035 1411 honorem

201 1454 358 1511 poscamus
372 1446 474 1494 ventos
487 1456 494 1504 ;
516 1445 603 1511 atque
618 1436 692 1493 haec
707 1454 755 1493 me
769 1454 853 1495 sacra
866 1436 1022 1511 quotannis

200 1533 272 1591 urbe
286 1534 355 1591 velit
368 1535 463 1608 posita
476 1533 593 1609 templis
607 1533 662 1591 sibi
675 1533 748 1591 serre
764 1533 877 1592 dicatis.

202 1630 276 1687 Bina
289 1631 379 1689 boum
394 1631 475 1689 vobis
489 1632 578 1688 Troia
591 1640 745 1706 generatus
760 1633 882 1689 Acestes

202 1727 252 1786 dat
266 1746 389 1786 numero
404 1729 501 1803 capita
515 1729 545 1786 in
559 1746 666 1799 naves;
687 1726 827 1787 adhibete
841 1730 967 1787 Penates

202 1836 231 1883 et
245 1827 353 1900 patrios
368 1826 460 1900 epulis
475 1836 505 1883 et
518 1844 593 1900 quos
607 1825 676 1883 colit
690 1825 798 1900 hospes
812 1828 943 1885 Acestes.

202 1924 363 1994 Praeterea,
378 1923 401 1980 si
415 1941 494 1980 nona
508 1920 587 1979 diem
602 1923 771 1980 mortalibus
785 1923 896 1981 almum

202 2023 313 2077 Aurora
327 2019 459 2077 extulerit
472 2018 617 2093 radiisque
632 2019 768 2076 retexerit
781 2019 894 2091 orbem,

202 2118 296 2192 prima
311 2118 385 2174 citae
399 2116 520 2174 Teucris
535 2134 644 2191 ponam
659 2117 819 2173 certamina
832 2116 950 2189 classis;

203 2214 310 2289 quique
325 2212 436 2288 pedum
451 2232 536 2270 cursu
549 2213 633 2283 valet,
649 2222 678 2270 et
692 2213 743 2287 qui
757 2213 863 2271 viribus
876 2212 974 2271 audax

202 2322 252 2369 aut
266 2311 362 2368 iaculo
375 2309 486 2367 incedit
500 2310 603 2368 melior
615 2309 785 2384 levibusque
800 2309 918 2385 sagittis,

202 2426 253 2466 seu
269 2407 361 2465 crudo
374 2406 437 2465 fidit
452 2425 581 2482 pugnam
595 2407 779 2465 committere
793 2417 903 2478 caestu,

202 2505 301 2562 cuncti
316 2504 421 2576 adsint,
437 2505 614 2578 meritaeque
630 2513 802 2578 exspectent
815 2505 946 2579 praemia
959 2504 1083 2580 palmae.

202 2603 261 2661 Ore
275 2602 370 2659 favete
384 2618 498 2672 omnes,
514 2610 543 2657 et
557 2600 664 2675 cingite
679 2610 814 2676 tempora
827 2600 933 2660 ramis.’

242 2700 289 2758 Sic
304 2699 387 2769 satus,
402 2699 478 2755 velat
492 2707 623 2755 materna
636 2708 771 2772 tempora
784 2708 877 2772 mmo
889 2719 898 2770 3

201 2799 259 2857 hoc
275 2800 394 2874 Elymus
409 2797 485 2867 lacit,
500 2796 558 2854 hoc
573 2797 636 2854 aevi
652 2807 781 2855 maturus
793 2799 925 2869 Acestes,

200 2897 259 2955 hoc
273 2914 346 2971 puer
359 2894 509 2964 Ascanius,
525 2894 654 2969 sequitur
666 2913 743 2969 quos
756 2904 854 2952 cetera
867 2895 970 2969 pubes.

201 2996 255 3053 Ille
270 3012 287 3050 e
302 2992 428 3049 concilio
442 2992 538 3049 multis
552 3010 620 3048 cum
635 2992 750 3049 milibus
764 2992 824 3049 ibat

201 3090 239 3148 ad
253 3089 405 3160 tumulum,
421 3106 529 3163 magna
542 3088 658 3146 medius
673 3090 833 3146 comitante
848 3098 973 3147 caterva.

202 3188 263 3245 Hic
278 3185 338 3243 duo
351 3187 405 3243 rite
419 3203 500 3243 mero
515 3185 606 3243 libans
621 3186 771 3243 carchesia
784 3186 905 3244 Baccho

201 3284 295 3343 fundit
309 3283 399 3354 humi,
416 3282 476 3340 duo
490 3283 565 3339 lacte
579 3300 666 3353 novo,
682 3282 743 3340 duo
758 3283 899 3357 sanguine
913 3300 1008 3354 sacro,

200 3398 421 3458 purpureosque
437 3381 505 3438 iacit
519 3380 612 3450 flores,
628 3398 663 3436 ac
678 3380 746 3437 talia
759 3380 850 3437 fatur:

202 3479 313 3549 ‘Salve,
328 3488 429 3536 sancte
443 3496 566 3553 parens:
589 3477 694 3534 iterum
709 3477 826 3549 salvete,
841 3476 954 3551 recepti

200 3576 378 3651 nequiquam
394 3575 515 3645 cineres,
530 3574 703 3648 animaeque
719 3575 897 3648 umbraeque
911 3582 1061 3647 paternae.

202 3674 272 3733 Non
286 3674 366 3733 licuit
379 3673 452 3731 fines
467 3671 556 3729 Italos
570 3671 725 3745 fataliaque
740 3688 816 3741 arva,

373 3797 395 3833 ⁷1
404 3804 509 3857 tenrpora
519 3798 615 3854 cingite.
631 3796 664 3842 H.
833 3794 855 3828 ⁸1
865 3796 1031 3853 nequidquam.
1046 3795 1081 3843 Η.
