2834 4292
177 257 217 336 38
448 269 468 318 1.
499 251 530 315 Τ
525 251 564 316 lte
587 250 749 334 Landing
770 248 806 313 in
829 248 958 332 Africa.

175 437 299 512 imperio
312 436 418 512 premit
432 454 468 494 ac
481 435 584 495 vinclis
599 443 629 494 et
643 452 761 494 carcere
774 434 877 494 frenat.

176 535 222 592 Illi
235 534 420 609 indignantes
434 551 541 609 magno
555 551 625 590 cum
638 549 786 590 murmure
799 530 909 590 montis

175 631 287 688 circum
301 630 425 688 claustra
437 630 583 702 fremunt3
604 629 684 686 celsa
697 627 782 686 sedet
795 628 903 686 Aeolus
916 643 985 686 arce

176 736 291 802 sceptra
304 736 417 798 tenens,
432 726 581 801 mollitque
595 725 710 784 animos
724 733 755 782 et
767 734 913 800 temperat
925 725 993 784 iras.

177 824 217 881 Ni
231 824 325 894 faciat,
340 824 430 882 maria
443 841 478 881 ac
492 831 581 882 terras
595 821 769 897 caelumque
783 821 963 897 protundum

176 920 286 996 quippe
300 921 393 978 ferant
406 918 500 996 rapidi
514 937 615 978 secum
629 927 801 993 verrantque
815 935 869 993 per
883 939 978 980 auras·

176 1018 236 1078 Sed
248 1028 332 1094 pater
345 1018 531 1092 omnipotens
546 1015 691 1092 speluncis
706 1014 822 1074 abdidit
834 1019 913 1091 atris,

177 1116 235 1175 hoc
249 1125 392 1186 metuens,
408 1114 574 1189 molemque
589 1122 620 1172 et
632 1113 742 1172 montis
757 1113 877 1190 insuper
889 1117 964 1176 altos

177 1215 324 1290 imposuit,
338 1229 496 1288 regemque
511 1209 603 1282 dedit,
618 1211 668 1285 qui
683 1210 804 1292 loedere
819 1223 902 1273 certo

177 1322 208 1370 et
221 1329 354 1387 premere
369 1320 398 1368 et
411 1310 489 1368 laxas
504 1309 590 1389 sciret
603 1307 673 1367 dare
689 1309 783 1368 iussus
797 1311 937 1370 habenas.

177 1409 225 1468 Ad
240 1428 328 1485 quem
341 1419 404 1468 tum
419 1410 495 1468 Iuno
506 1408 630 1484 supplex
643 1407 687 1466 his
702 1408 824 1467 vocibus
838 1428 892 1468 usa
904 1418 967 1468 est:

151 1501 164 1509 ”
183 1493 204 1504 ’“
218 1507 334 1579 ‘Aeole,
347 1525 476 1582 namque
491 1506 543 1564 tibi
558 1506 658 1565 divom
672 1516 756 1582 pater
769 1515 858 1581 atque
872 1505 1026 1566 hominum
1038 1523 1092 1564 rex

178 1614 208 1663 et
222 1597 350 1662 mulcere
364 1603 447 1662 dedit
460 1604 564 1662 fluctus
579 1613 608 1662 et
623 1604 723 1662 tollere
737 1612 837 1677 vento,

178 1720 250 1778 gens
264 1701 381 1760 inimica
394 1701 465 1760 mihi
478 1701 661 1777 Tyrrhenum
675 1701 793 1776 navigat
807 1718 928 1776 aequor,

179 1800 266 1857 Ilium
282 1799 312 1857 in
327 1799 441 1858 Italiam
454 1808 574 1874 portans
589 1798 741 1873 victosque
757 1799 901 1857 Penates:

178 1896 276 1954 incute
290 1896 349 1954 vim
362 1897 456 1955 ventis
471 1896 693 1970 submersasque
708 1896 801 1954 obrue
814 1913 942 1972 puppes,

178 2002 228 2051 aut
242 2011 295 2068 age
310 1992 440 2052 diversos
454 2003 484 2052 et
499 1992 590 2053 disice
607 2011 733 2068 corpora
746 2003 849 2068 ponto.

179 2092 251 2149 Sunt
264 2089 336 2148 mihi
348 2089 393 2148 bis
408 2099 521 2165 septem
535 2090 693 2165 praestanti
708 2107 831 2165 corpore
846 2088 1003 2166 nymphae,

179 2205 301 2262 quarum
316 2205 391 2261 quae
406 2187 500 2245 forma
514 2186 711 2262 pulcherrima
724 2187 870 2261 Deiopea,

179 2283 308 2342 conubio
323 2283 441 2359 iungam
454 2284 550 2343 stabili
564 2280 770 2359 propriamque
786 2283 903 2360 dicabo,

179 2381 275 2439 omnis
289 2389 321 2437 ut
334 2389 433 2438 tecum
446 2381 556 2438 meritis
570 2399 624 2456 pro
638 2380 742 2438 talibus
757 2398 850 2439 annos

180 2478 285 2552 exigat,
300 2487 330 2535 et
343 2477 464 2552 pulchra
477 2479 564 2536 faciat
577 2488 606 2535 te
622 2477 703 2553 prole
718 2478 890 2552 parentem!

220 2574 328 2633 Aeolus
342 2573 416 2632 haec
431 2584 551 2634 contra:
574 2575 681 2645 ‘Tuus‚
697 2575 726 2634 Ο
740 2574 850 2650 regina,
865 2572 938 2650 quid
951 2583 1037 2650 optes

180 2671 330 2746 explorare
344 2670 427 2729 labor
435 2691 446 2745 3
466 2671 538 2730 mihi
551 2671 629 2730 iussa
643 2689 798 2746 capessere
813 2671 856 2729 sas
872 2680 926 2730 est.

180 2769 227 2827 Tu
241 2768 321 2840 mihi,
336 2766 546 2844 quodcumque
560 2767 619 2827 hoc
632 2768 724 2844 regni,
740 2777 772 2826 tu
787 2777 903 2843 sceptra
917 2769 1081 2844 Iovemque

181 2865 329 2937 concilias,
343 2873 376 2924 tu
389 2864 442 2924 das
457 2865 549 2941 epulis
564 2867 740 2925 accumbere
756 2865 866 2937 divom,

152 3017 160 3026 ,
181 2963 406 3037 nimborumque
421 2963 491 3020 facis
505 2971 772 3039 tempestatumque
787 2964 961 3039 potentem’

224 3061 311 3118 Haec
324 3059 376 3118 ubi
390 3059 478 3132 dicta,
494 3079 599 3119 cavum
613 3079 755 3136 cpnversa
771 3060 893 3138 cuspide
910 3069 1043 3120 montem

182 3157 297 3233 impulit
311 3157 342 3215 in
354 3156 446 3218 latus:
468 3175 504 3216 ac
518 3158 606 3230 venti,
621 3159 700 3217 velut
715 3158 831 3234 agmine
847 3157 935 3229 facto,
1027 3167 1034 3181 ¹

183 3275 242 3330 qua
256 3255 324 3312 data
337 3265 429 3330 porta,
444 3263 532 3314 ruunt
546 3264 575 3313 et
589 3264 678 3316 terras
693 3256 808 3314 turbine
825 3256 958 3333 perflant.

184 3353 349 3411 Incubuere
364 3352 445 3424 mari,
460 3361 614 3429 totumque
630 3371 648 3411 a
662 3353 781 3412 sedibus
796 3353 862 3413 imis

184 3469 244 3508 una
258 3451 412 3525 Eurusque
429 3449 584 3525 Notusque
598 3461 684 3509 ruunt
699 3452 859 3526 creberque
874 3451 1010 3528 procellis

184 3548 307 3620 Africus,
322 3556 353 3606 et
365 3555 461 3606 vastos
476 3546 594 3606 volvunt
609 3546 648 3605 ad
661 3549 746 3606 litora
759 3547 875 3608 fluctus.

186 3705 316 3752 iteratum.
331 3705 365 3752 H.
551 3703 574 3737 ⁷⁸
584 3705 703 3752 connubia
720 3705 753 3754 H.
783 3705 903 3753 ⁸1cav0m.
919 3707 948 3754 R.

186 3779 208 3813 '1⁰
219 3779 309 3826 disiice.
325 3779 358 3826 H.
387 3779 477 3826 dissice.
493 3779 522 3826 R.
551 3777 574 3812 '¹⁵
579 3779 674 3836 pulcra.
691 3779 725 3827 H.
782 3779 806 3814 ⁸⁶
815 3780 916 3827 volvont
927 3781 962 3837 R,
972 3781 1022 3828 and
1031 3781 1141 3840 alwayso
1150 3781 1209 3828 aller
1217 3795 1241 3828 v.
