<?xml version="1.0" encoding="UTF-8"?>
<!DOCTYPE html PUBLIC "-//W3C//DTD XHTML 1.0 Transitional//EN"
    "http://www.w3.org/TR/xhtml1/DTD/xhtml1-transitional.dtd">
<html xmlns="http://www.w3.org/1999/xhtml" xml:lang="en" lang="en">
 <head>
  <title>
</title>
<meta http-equiv="Content-Type" content="text/html;charset=utf-8" />
  <meta name='ocr-system' content='tesseract 3.04.00' />
  <meta name='ocr-capabilities' content='ocr_page ocr_carea ocr_par ocr_line ocrx_word'/>
</head>
<body>
  <div class='ocr_page' id='page_1' title='image "./greaterpoemsvir00kittgoog_0189.png"; bbox 0 0 2834 4292; ppageno 0'>
   <div class='ocr_carea' id='block_1_1' title="bbox 115 264 938 351">
    <p class='ocr_par' dir='ltr' id='par_1_1' title="bbox 115 264 938 351">
     <span class='ocr_line' id='line_1_1' title="bbox 115 264 938 351; baseline 0.013 -28"><span class='ocrx_word' id='word_1_1' title='bbox 115 274 253 341; x_wconf 86' lang='lat' dir='ltr'>VI.428.]</span> <span class='ocrx_word' id='word_1_2' title='bbox 366 264 515 331; x_wconf 76' lang='lat' dir='ltr'><strong>Charon:</strong></span> <span class='ocrx_word' id='word_1_3' title='bbox 537 266 689 349; x_wconf 81' lang='lat' dir='ltr'><strong>Passage</strong></span> <span class='ocrx_word' id='word_1_4' title='bbox 710 269 752 349; x_wconf 84' lang='lat' dir='ltr'><strong>of</strong></span> <span class='ocrx_word' id='word_1_5' title='bbox 768 267 821 331; x_wconf 76' lang='lat' dir='ltr'><strong>tlte</strong></span> <span class='ocrx_word' id='word_1_6' title='bbox 845 270 938 351; x_wconf 79' lang='lat' dir='ltr'><strong>Styx.</strong></span> 
     </span>
    </p>
   </div>
   <div class='ocr_carea' id='block_1_2' title="bbox 115 449 986 3840">
    <p class='ocr_par' dir='ltr' id='par_1_2' title="bbox 116 449 928 721">
     <span class='ocr_line' id='line_1_2' title="bbox 117 449 928 527; baseline 0.007 -20"><span class='ocrx_word' id='word_1_7' title='bbox 117 449 166 507; x_wconf 91' lang='lat' dir='ltr'><strong>dis</strong></span> <span class='ocrx_word' id='word_1_8' title='bbox 181 469 364 527; x_wconf 89' lang='lat' dir='ltr'><strong>quamquam</strong></span> <span class='ocrx_word' id='word_1_9' title='bbox 378 451 468 527; x_wconf 93' lang='lat' dir='ltr'><strong>geniti</strong></span> <span class='ocrx_word' id='word_1_10' title='bbox 483 459 571 526; x_wconf 89' lang='lat' dir='ltr'><strong>atque</strong></span> <span class='ocrx_word' id='word_1_11' title='bbox 585 450 684 509; x_wconf 89' lang='lat' dir='ltr'><strong>invicti</strong></span> <span class='ocrx_word' id='word_1_12' title='bbox 698 452 806 511; x_wconf 90' lang='lat' dir='ltr'><strong>viribus</strong></span> <span class='ocrx_word' id='word_1_13' title='bbox 820 464 928 514; x_wconf 83' lang='lat' dir='ltr'><strong>essent.</strong></span> 
     </span>
     <span class='ocr_line' id='line_1_3' title="bbox 116 548 910 626; baseline 0.006 -22"><span class='ocrx_word' id='word_1_14' title='bbox 116 549 296 606; x_wconf 90' lang='lat' dir='ltr'><strong>Tartareum</strong></span> <span class='ocrx_word' id='word_1_15' title='bbox 311 549 359 607; x_wconf 91' lang='lat' dir='ltr'><strong>ille</strong></span> <span class='ocrx_word' id='word_1_16' title='bbox 374 566 463 606; x_wconf 91' lang='lat' dir='ltr'><strong>manu</strong></span> <span class='ocrx_word' id='word_1_17' title='bbox 478 548 632 606; x_wconf 89' lang='lat' dir='ltr'><strong>custodem</strong></span> <span class='ocrx_word' id='word_1_18' title='bbox 646 550 676 606; x_wconf 91' lang='lat' dir='ltr'><strong>in</strong></span> <span class='ocrx_word' id='word_1_19' title='bbox 690 550 786 609; x_wconf 90' lang='lat' dir='ltr'><strong>vincla</strong></span> <span class='ocrx_word' id='word_1_20' title='bbox 799 551 910 626; x_wconf 85' lang='lat' dir='ltr'><strong>petivit,</strong></span> 
     </span>
     <span class='ocr_line' id='line_1_4' title="bbox 117 645 802 721; baseline 0.006 -20"><span class='ocrx_word' id='word_1_21' title='bbox 117 645 214 719; x_wconf 92' lang='lat' dir='ltr'><strong>ipsius</strong></span> <span class='ocrx_word' id='word_1_22' title='bbox 228 664 247 702; x_wconf 91' lang='lat' dir='ltr'><strong>a</strong></span> <span class='ocrx_word' id='word_1_23' title='bbox 260 645 334 704; x_wconf 91' lang='lat' dir='ltr'><strong>solio</strong></span> <span class='ocrx_word' id='word_1_24' title='bbox 348 646 432 720; x_wconf 76' lang='lat' dir='ltr'><strong>regiS,</strong></span> <span class='ocrx_word' id='word_1_25' title='bbox 449 646 592 721; x_wconf 84' lang='lat' dir='ltr'>traxitque</span> <span class='ocrx_word' id='word_1_26' title='bbox 607 656 802 720; x_wconf 87' lang='lat' dir='ltr'><strong>trementem;</strong></span> 
     </span>
    </p>

    <p class='ocr_par' dir='ltr' id='par_1_3' title="bbox 117 741 847 803">
     <span class='ocr_line' id='line_1_5' title="bbox 117 741 847 803; baseline 0.007 -4"><span class='ocrx_word' id='word_1_27' title='bbox 117 742 151 799; x_wconf 91' lang='lat' dir='ltr'><strong>hi</strong></span> <span class='ocrx_word' id='word_1_28' title='bbox 166 741 323 799; x_wconf 91' lang='lat' dir='ltr'><strong>dominam</strong></span> <span class='ocrx_word' id='word_1_29' title='bbox 337 743 412 801; x_wconf 92' lang='lat' dir='ltr'><strong>Ditis</strong></span> <span class='ocrx_word' id='word_1_30' title='bbox 427 742 556 800; x_wconf 82' lang='lat' dir='ltr'>thalamo</span> <span class='ocrx_word' id='word_1_31' title='bbox 571 742 719 801; x_wconf 86' lang='lat' dir='ltr'>deducere</span> <span class='ocrx_word' id='word_1_32' title='bbox 733 743 847 803; x_wconf 81' lang='lat' dir='ltr'><strong>adorti&#39;</strong></span> 
     </span>
    </p>

    <p class='ocr_par' dir='ltr' id='par_1_4' title="bbox 115 840 933 1306">
     <span class='ocr_line' id='line_1_6' title="bbox 162 840 933 918; baseline 0.012 -21"><span class='ocrx_word' id='word_1_33' title='bbox 162 840 249 913; x_wconf 86' lang='lat' dir='ltr'><strong>Quae</strong></span> <span class='ocrx_word' id='word_1_34' title='bbox 264 850 368 899; x_wconf 89' lang='lat' dir='ltr'><strong>contra</strong></span> <span class='ocrx_word' id='word_1_35' title='bbox 380 842 504 899; x_wconf 89' lang='lat' dir='ltr'><strong>breviter</strong></span> <span class='ocrx_word' id='word_1_36' title='bbox 517 841 575 897; x_wconf 84' lang='lat' dir='ltr'><strong>fata</strong></span> <span class='ocrx_word' id='word_1_37' title='bbox 589 851 633 898; x_wconf 88' lang='lat' dir='ltr'><strong>est</strong></span> <span class='ocrx_word' id='word_1_38' title='bbox 646 842 821 918; x_wconf 85' lang='lat' dir='ltr'><strong>Amphrysia</strong></span> <span class='ocrx_word' id='word_1_39' title='bbox 832 856 933 906; x_wconf 86' lang='lat' dir='ltr'><strong>vates:</strong></span> 
     </span>
     <span class='ocr_line' id='line_1_7' title="bbox 117 937 827 1015; baseline 0.008 -22"><span class='ocrx_word' id='word_1_40' title='bbox 117 938 248 995; x_wconf 90' lang='lat' dir='ltr'><strong>‘Nullae</strong></span> <span class='ocrx_word' id='word_1_41' title='bbox 263 937 312 994; x_wconf 93' lang='lat' dir='ltr'><strong>hic</strong></span> <span class='ocrx_word' id='word_1_42' title='bbox 326 938 448 996; x_wconf 85' lang='lat' dir='ltr'><strong>insidiae</strong></span> <span class='ocrx_word' id='word_1_43' title='bbox 464 938 554 1010; x_wconf 86' lang='lat' dir='ltr'><strong>tales;</strong></span> <span class='ocrx_word' id='word_1_44' title='bbox 576 938 683 997; x_wconf 88' lang='lat' dir='ltr'><strong>absiste</strong></span> <span class='ocrx_word' id='word_1_45' title='bbox 698 942 827 1015; x_wconf 88' lang='lat' dir='ltr'><strong>moveri;</strong></span> 
     </span>
     <span class='ocr_line' id='line_1_8' title="bbox 115 1034 878 1109; baseline 0.01 -18"><span class='ocrx_word' id='word_1_46' title='bbox 115 1051 178 1095; x_wconf 90' lang='lat' dir='ltr'><strong>nec</strong></span> <span class='ocrx_word' id='word_1_47' title='bbox 193 1034 253 1091; x_wconf 86' lang='lat' dir='ltr'><strong>vim</strong></span> <span class='ocrx_word' id='word_1_48' title='bbox 267 1035 326 1092; x_wconf 89' lang='lat' dir='ltr'><strong>tela</strong></span> <span class='ocrx_word' id='word_1_49' title='bbox 339 1034 452 1107; x_wconf 79' lang='lat' dir='ltr'><strong>lerunt3</strong></span> <span class='ocrx_word' id='word_1_50' title='bbox 474 1034 543 1092; x_wconf 92' lang='lat' dir='ltr'><strong>licet</strong></span> <span class='ocrx_word' id='word_1_51' title='bbox 557 1035 660 1109; x_wconf 87' lang='lat' dir='ltr'><strong>ingens</strong></span> <span class='ocrx_word' id='word_1_52' title='bbox 675 1036 782 1096; x_wconf 89' lang='lat' dir='ltr'><strong>ianitor</strong></span> <span class='ocrx_word' id='word_1_53' title='bbox 793 1050 878 1099; x_wconf 87' lang='lat' dir='ltr'><strong>antro</strong></span> 
     </span>
     <span class='ocr_line' id='line_1_9' title="bbox 117 1130 822 1210; baseline 0.013 -23"><span class='ocrx_word' id='word_1_54' title='bbox 117 1140 275 1188; x_wconf 90' lang='lat' dir='ltr'><strong>aeternum</strong></span> <span class='ocrx_word' id='word_1_55' title='bbox 289 1130 395 1189; x_wconf 89' lang='lat' dir='ltr'><strong>latrans</strong></span> <span class='ocrx_word' id='word_1_56' title='bbox 409 1132 562 1205; x_wconf 88' lang='lat' dir='ltr'><strong>exsanguis</strong></span> <span class='ocrx_word' id='word_1_57' title='bbox 577 1141 681 1191; x_wconf 89' lang='lat' dir='ltr'><strong>terreat</strong></span> <span class='ocrx_word' id='word_1_58' title='bbox 695 1137 822 1210; x_wconf 89' lang='lat' dir='ltr'><strong>umbras,</strong></span> 
     </span>
     <span class='ocr_line' id='line_1_10' title="bbox 116 1228 802 1306; baseline 0.015 -22"><span class='ocrx_word' id='word_1_59' title='bbox 116 1238 204 1285; x_wconf 89' lang='lat' dir='ltr'><strong>casta</strong></span> <span class='ocrx_word' id='word_1_60' title='bbox 217 1228 286 1285; x_wconf 91' lang='lat' dir='ltr'><strong>licet</strong></span> <span class='ocrx_word' id='word_1_61' title='bbox 299 1229 393 1304; x_wconf 91' lang='lat' dir='ltr'><strong>patrui</strong></span> <span class='ocrx_word' id='word_1_62' title='bbox 406 1239 502 1286; x_wconf 89' lang='lat' dir='ltr'><strong>servet</strong></span> <span class='ocrx_word' id='word_1_63' title='bbox 517 1231 689 1306; x_wconf 85' lang='lat' dir='ltr'><strong>Pr0serpina</strong></span> <span class='ocrx_word' id='word_1_64' title='bbox 702 1234 802 1295; x_wconf 87' lang='lat' dir='ltr'><strong>limen.</strong></span> 
     </span>
    </p>

    <p class='ocr_par' dir='ltr' id='par_1_5' title="bbox 115 1326 780 1404">
     <span class='ocr_line' id='line_1_11' title="bbox 115 1326 780 1404; baseline 0.014 -23"><span class='ocrx_word' id='word_1_65' title='bbox 115 1327 228 1382; x_wconf 81' lang='lat' dir='ltr'><strong>Troius</strong></span> <span class='ocrx_word' id='word_1_66' title='bbox 242 1327 366 1396; x_wconf 86' lang='lat' dir='ltr'><strong>Aeneas,</strong></span> <span class='ocrx_word' id='word_1_67' title='bbox 382 1326 491 1401; x_wconf 87' lang='lat' dir='ltr'><strong>pietate</strong></span> <span class='ocrx_word' id='word_1_68' title='bbox 507 1326 626 1402; x_wconf 88' lang='lat' dir='ltr'><strong>insignis</strong></span> <span class='ocrx_word' id='word_1_69' title='bbox 640 1340 671 1387; x_wconf 87' lang='lat' dir='ltr'><strong>et</strong></span> <span class='ocrx_word' id='word_1_70' title='bbox 684 1333 780 1404; x_wconf 88' lang='lat' dir='ltr'><strong>armis,</strong></span> 
     </span>
    </p>

    <p class='ocr_par' dir='ltr' id='par_1_6' title="bbox 116 1422 894 1497">
     <span class='ocr_line' id='line_1_12' title="bbox 116 1422 894 1497; baseline 0.015 -18"><span class='ocrx_word' id='word_1_71' title='bbox 116 1422 159 1479; x_wconf 90' lang='lat' dir='ltr'><strong>ad</strong></span> <span class='ocrx_word' id='word_1_72' title='bbox 172 1422 338 1497; x_wconf 83' lang='lat' dir='ltr'><strong>genitorem</strong></span> <span class='ocrx_word' id='word_1_73' title='bbox 353 1423 425 1480; x_wconf 91' lang='lat' dir='ltr'><strong>imas</strong></span> <span class='ocrx_word' id='word_1_74' title='bbox 441 1423 530 1481; x_wconf 92' lang='lat' dir='ltr'><strong>Erebi</strong></span> <span class='ocrx_word' id='word_1_75' title='bbox 547 1424 702 1485; x_wconf 90' lang='lat' dir='ltr'><strong>descendit</strong></span> <span class='ocrx_word' id='word_1_76' title='bbox 715 1429 755 1488; x_wconf 92' lang='lat' dir='ltr'><strong>ad</strong></span> <span class='ocrx_word' id='word_1_77' title='bbox 768 1432 894 1491; x_wconf 90' lang='lat' dir='ltr'><strong>umbras.</strong></span> 
     </span>
    </p>

    <p class='ocr_par' dir='ltr' id='par_1_7' title="bbox 115 1522 761 1602">
     <span class='ocr_line' id='line_1_13' title="bbox 115 1522 761 1602; baseline 0.008 -21"><span class='ocrx_word' id='word_1_78' title='bbox 115 1524 148 1581; x_wconf 89' lang='lat' dir='ltr'><strong>Si</strong></span> <span class='ocrx_word' id='word_1_79' title='bbox 163 1531 193 1579; x_wconf 90' lang='lat' dir='ltr'><strong>te</strong></span> <span class='ocrx_word' id='word_1_80' title='bbox 209 1522 287 1579; x_wconf 85' lang='lat' dir='ltr'><strong>nulla</strong></span> <span class='ocrx_word' id='word_1_81' title='bbox 299 1533 399 1580; x_wconf 89' lang='lat' dir='ltr'><strong>movet</strong></span> <span class='ocrx_word' id='word_1_82' title='bbox 412 1534 510 1581; x_wconf 86' lang='lat' dir='ltr'><strong>tantae</strong></span> <span class='ocrx_word' id='word_1_83' title='bbox 525 1525 640 1599; x_wconf 86' lang='lat' dir='ltr'><strong>pietatis</strong></span> <span class='ocrx_word' id='word_1_84' title='bbox 654 1526 761 1602; x_wconf 88' lang='lat' dir='ltr'><strong>imago,</strong></span> 
     </span>
    </p>

    <p class='ocr_par' dir='ltr' id='par_1_8' title="bbox 115 1618 986 2673">
     <span class='ocr_line' id='line_1_14' title="bbox 115 1618 953 1701; baseline 0.007 -24"><span class='ocrx_word' id='word_1_85' title='bbox 115 1629 148 1677; x_wconf 90' lang='lat' dir='ltr'><strong>at</strong></span> <span class='ocrx_word' id='word_1_86' title='bbox 162 1637 277 1676; x_wconf 91' lang='lat' dir='ltr'><strong>ramum</strong></span> <span class='ocrx_word' id='word_1_87' title='bbox 292 1618 389 1677; x_wconf 90' lang='lat' dir='ltr'><strong>hunc&#39;</strong></span> <span class='ocrx_word' id='word_1_88' title='bbox 409 1620 517 1697; x_wconf 89' lang='lat' dir='ltr'><strong>(aperit</strong></span> <span class='ocrx_word' id='word_1_89' title='bbox 533 1640 656 1694; x_wconf 88' lang='lat' dir='ltr'><strong>ramum,</strong></span> <span class='ocrx_word' id='word_1_90' title='bbox 671 1625 722 1698; x_wconf 92' lang='lat' dir='ltr'><strong>qui</strong></span> <span class='ocrx_word' id='word_1_91' title='bbox 735 1635 815 1683; x_wconf 88' lang='lat' dir='ltr'><strong>veste</strong></span> <span class='ocrx_word' id='word_1_92' title='bbox 829 1625 953 1701; x_wconf 88' lang='lat' dir='ltr'><strong>latebat)</strong></span> 
     </span>
     <span class='ocr_line' id='line_1_15' title="bbox 117 1715 934 1805; baseline 0.012 -33"><span class='ocrx_word' id='word_1_93' title='bbox 117 1715 320 1791; x_wconf 75' lang='lat' dir='ltr'><strong>‘adgnosces&#39;</strong></span> <span class='ocrx_word' id='word_1_94' title='bbox 361 1717 489 1775; x_wconf 83' lang='lat' dir='ltr'><strong>Tumida</strong></span> <span class='ocrx_word' id='word_1_95' title='bbox 504 1737 541 1805; x_wconf 67' lang='lat' dir='ltr'><strong>ex</strong></span> <span class='ocrx_word' id='word_1_96' title='bbox 556 1720 598 1777; x_wconf 90' lang='lat' dir='ltr'><strong>ira</strong></span> <span class='ocrx_word' id='word_1_97' title='bbox 611 1730 674 1777; x_wconf 91' lang='lat' dir='ltr'><strong>tum</strong></span> <span class='ocrx_word' id='word_1_98' title='bbox 688 1721 780 1779; x_wconf 89' lang='lat' dir='ltr'><strong>corda</strong></span> <span class='ocrx_word' id='word_1_99' title='bbox 793 1722 934 1782; x_wconf 87' lang='lat' dir='ltr'><strong>residunt.</strong></span> 
     </span>
     <span class='ocr_line' id='line_1_16' title="bbox 117 1815 921 1889; baseline 0.005 -16"><span class='ocrx_word' id='word_1_100' title='bbox 117 1816 188 1873; x_wconf 92' lang='lat' dir='ltr'><strong>Nec</strong></span> <span class='ocrx_word' id='word_1_101' title='bbox 202 1815 285 1889; x_wconf 88' lang='lat' dir='ltr'><strong>plura</strong></span> <span class='ocrx_word' id='word_1_102' title='bbox 298 1815 353 1875; x_wconf 89' lang='lat' dir='ltr'><strong>his.</strong></span> <span class='ocrx_word' id='word_1_103' title='bbox 399 1817 451 1874; x_wconf 93' lang='lat' dir='ltr'><strong>Ille</strong></span> <span class='ocrx_word' id='word_1_104' title='bbox 468 1815 615 1875; x_wconf 88' lang='lat' dir='ltr'><strong>admirans</strong></span> <span class='ocrx_word' id='word_1_105' title='bbox 628 1820 793 1877; x_wconf 90' lang='lat' dir='ltr'><strong>venerabile</strong></span> <span class='ocrx_word' id='word_1_106' title='bbox 808 1819 921 1879; x_wconf 90' lang='lat' dir='ltr'><strong>donum</strong></span> 
     </span>
     <span class='ocr_line' id='line_1_17' title="bbox 116 1914 786 1990; baseline 0.003 -19"><span class='ocrx_word' id='word_1_107' title='bbox 116 1914 213 1971; x_wconf 81' lang='lat' dir='ltr'><strong>fatalis</strong></span> <span class='ocrx_word' id='word_1_108' title='bbox 227 1914 332 1989; x_wconf 86' lang='lat' dir='ltr'><strong>virgae,</strong></span> <span class='ocrx_word' id='word_1_109' title='bbox 347 1915 437 1989; x_wconf 90' lang='lat' dir='ltr'><strong>longo</strong></span> <span class='ocrx_word' id='word_1_110' title='bbox 453 1924 520 1990; x_wconf 92' lang='lat' dir='ltr'><strong>post</strong></span> <span class='ocrx_word' id='word_1_111' title='bbox 535 1924 668 1990; x_wconf 89' lang='lat' dir='ltr'><strong>tempore</strong></span> <span class='ocrx_word' id='word_1_112' title='bbox 681 1917 786 1987; x_wconf 90' lang='lat' dir='ltr'><strong>visum,</strong></span> 
     </span>
     <span class='ocr_line' id='line_1_18' title="bbox 117 2010 928 2091; baseline 0.005 -22"><span class='ocrx_word' id='word_1_113' title='bbox 117 2010 285 2069; x_wconf 85' lang='lat' dir='ltr'><strong>caeruleam</strong></span> <span class='ocrx_word' id='word_1_114' title='bbox 300 2011 424 2070; x_wconf 88' lang='lat' dir='ltr'><strong>advertit</strong></span> <span class='ocrx_word' id='word_1_115' title='bbox 439 2013 573 2087; x_wconf 89' lang='lat' dir='ltr'><strong>puppim,</strong></span> <span class='ocrx_word' id='word_1_116' title='bbox 588 2013 727 2088; x_wconf 84' lang='lat' dir='ltr'><strong>ripaeque</strong></span> <span class='ocrx_word' id='word_1_117' title='bbox 742 2015 928 2091; x_wconf 84' lang='lat' dir='ltr'><strong>propinquat.</strong></span> 
     </span>
     <span class='ocr_line' id='line_1_19' title="bbox 118 2109 926 2185; baseline 0.004 -19"><span class='ocrx_word' id='word_1_118' title='bbox 118 2109 196 2167; x_wconf 90' lang='lat' dir='ltr'><strong>Inde</strong></span> <span class='ocrx_word' id='word_1_119' title='bbox 212 2109 281 2167; x_wconf 88' lang='lat' dir='ltr'><strong>alias</strong></span> <span class='ocrx_word' id='word_1_120' title='bbox 295 2109 416 2180; x_wconf 88' lang='lat' dir='ltr'><strong>animas,</strong></span> <span class='ocrx_word' id='word_1_121' title='bbox 433 2127 508 2183; x_wconf 90' lang='lat' dir='ltr'><strong>quae</strong></span> <span class='ocrx_word' id='word_1_122' title='bbox 524 2128 578 2185; x_wconf 91' lang='lat' dir='ltr'><strong>per</strong></span> <span class='ocrx_word' id='word_1_123' title='bbox 591 2110 658 2185; x_wconf 92' lang='lat' dir='ltr'><strong>iuga</strong></span> <span class='ocrx_word' id='word_1_124' title='bbox 671 2110 760 2185; x_wconf 86' lang='lat' dir='ltr'><strong>longa</strong></span> <span class='ocrx_word' id='word_1_125' title='bbox 774 2110 926 2181; x_wconf 89' lang='lat' dir='ltr'><strong>sedebant,</strong></span> 
     </span>
     <span class='ocr_line' id='line_1_20' title="bbox 118 2206 855 2283; baseline 0.001 -19"><span class='ocrx_word' id='word_1_126' title='bbox 118 2206 266 2278; x_wconf 90' lang='lat' dir='ltr'><strong>deturbat,</strong></span> <span class='ocrx_word' id='word_1_127' title='bbox 283 2207 417 2281; x_wconf 89' lang='lat' dir='ltr'><strong>laxatque</strong></span> <span class='ocrx_word' id='word_1_128' title='bbox 434 2207 531 2279; x_wconf 84' lang='lat' dir='ltr'><strong>for0s;</strong></span> <span class='ocrx_word' id='word_1_129' title='bbox 553 2208 638 2264; x_wconf 89' lang='lat' dir='ltr'><strong>simul</strong></span> <span class='ocrx_word' id='word_1_130' title='bbox 651 2209 758 2283; x_wconf 89' lang='lat' dir='ltr'><strong>accipit</strong></span> <span class='ocrx_word' id='word_1_131' title='bbox 772 2208 855 2266; x_wconf 88' lang='lat' dir='ltr'><strong>alveo</strong></span> 
     </span>
     <span class='ocr_line' id='line_1_21' title="bbox 118 2305 916 2381; baseline 0.004 -20"><span class='ocrx_word' id='word_1_132' title='bbox 118 2305 270 2379; x_wconf 90' lang='lat' dir='ltr'><strong>ingentem</strong></span> <span class='ocrx_word' id='word_1_133' title='bbox 284 2307 415 2363; x_wconf 88' lang='lat' dir='ltr'><strong>Aenean.</strong></span> <span class='ocrx_word' id='word_1_134' title='bbox 459 2305 581 2363; x_wconf 87' lang='lat' dir='ltr'><strong>Gemuit</strong></span> <span class='ocrx_word' id='word_1_135' title='bbox 594 2305 648 2362; x_wconf 91' lang='lat' dir='ltr'><strong>sub</strong></span> <span class='ocrx_word' id='word_1_136' title='bbox 662 2305 794 2380; x_wconf 89' lang='lat' dir='ltr'><strong>pondere</strong></span> <span class='ocrx_word' id='word_1_137' title='bbox 809 2306 916 2381; x_wconf 86' lang='lat' dir='ltr'><strong>cymba</strong></span> 
     </span>
     <span class='ocr_line' id='line_1_22' title="bbox 119 2402 814 2477; baseline 0.001 -18"><span class='ocrx_word' id='word_1_138' title='bbox 119 2402 219 2473; x_wconf 90' lang='lat' dir='ltr'><strong>sutilis,</strong></span> <span class='ocrx_word' id='word_1_139' title='bbox 235 2411 266 2459; x_wconf 92' lang='lat' dir='ltr'><strong>et</strong></span> <span class='ocrx_word' id='word_1_140' title='bbox 279 2402 399 2460; x_wconf 92' lang='lat' dir='ltr'><strong>multam</strong></span> <span class='ocrx_word' id='word_1_141' title='bbox 415 2402 531 2476; x_wconf 91' lang='lat' dir='ltr'><strong>accepit</strong></span> <span class='ocrx_word' id='word_1_142' title='bbox 545 2402 652 2459; x_wconf 87' lang='lat' dir='ltr'><strong>rimosa</strong></span> <span class='ocrx_word' id='word_1_143' title='bbox 665 2402 814 2477; x_wconf 85' lang='lat' dir='ltr'><strong>paludem.</strong></span> 
     </span>
     <span class='ocr_line' id='line_1_23' title="bbox 117 2498 986 2575; baseline 0.002 -17"><span class='ocrx_word' id='word_1_144' title='bbox 117 2498 255 2558; x_wconf 88' lang='lat' dir='ltr'><strong>Tandem</strong></span> <span class='ocrx_word' id='word_1_145' title='bbox 269 2508 347 2557; x_wconf 89' lang='lat' dir='ltr'><strong>trans</strong></span> <span class='ocrx_word' id='word_1_146' title='bbox 363 2498 480 2557; x_wconf 89' lang='lat' dir='ltr'><strong>fluvium</strong></span> <span class='ocrx_word' id='word_1_147' title='bbox 497 2499 651 2556; x_wconf 90' lang='lat' dir='ltr'><strong>incolumis</strong></span> <span class='ocrx_word' id='word_1_148' title='bbox 665 2509 820 2573; x_wconf 89' lang='lat' dir='ltr'><strong>vatemque</strong></span> <span class='ocrx_word' id='word_1_149' title='bbox 834 2500 986 2575; x_wconf 89' lang='lat' dir='ltr'><strong>virumque</strong></span> 
     </span>
     <span class='ocr_line' id='line_1_24' title="bbox 118 2596 768 2673; baseline -0.002 -18"><span class='ocrx_word' id='word_1_150' title='bbox 118 2596 237 2655; x_wconf 88' lang='lat' dir='ltr'><strong>informi</strong></span> <span class='ocrx_word' id='word_1_151' title='bbox 251 2596 321 2653; x_wconf 91' lang='lat' dir='ltr'><strong>limo</strong></span> <span class='ocrx_word' id='word_1_152' title='bbox 335 2596 497 2673; x_wconf 90' lang='lat' dir='ltr'><strong>glaucaque</strong></span> <span class='ocrx_word' id='word_1_153' title='bbox 512 2596 634 2670; x_wconf 86' lang='lat' dir='ltr'><strong>exponit</strong></span> <span class='ocrx_word' id='word_1_154' title='bbox 647 2597 677 2653; x_wconf 90' lang='lat' dir='ltr'><strong>in</strong></span> <span class='ocrx_word' id='word_1_155' title='bbox 692 2597 768 2654; x_wconf 88' lang='lat' dir='ltr'><strong>ulva.</strong></span> 
     </span>
    </p>

    <p class='ocr_par' dir='ltr' id='par_1_9' title="bbox 119 2692 892 3546">
     <span class='ocr_line' id='line_1_25' title="bbox 160 2692 857 2768; baseline -0.001 -16"><span class='ocrx_word' id='word_1_156' title='bbox 160 2692 304 2752; x_wconf 90' lang='lat' dir='ltr'><strong>Cerbems</strong></span> <span class='ocrx_word' id='word_1_157' title='bbox 319 2694 393 2751; x_wconf 85' lang='lat' dir='ltr'><strong>haec</strong></span> <span class='ocrx_word' id='word_1_158' title='bbox 407 2694 510 2768; x_wconf 85' lang='lat' dir='ltr'><strong>ingens</strong></span> <span class='ocrx_word' id='word_1_159' title='bbox 524 2694 626 2751; x_wconf 90' lang='lat' dir='ltr'><strong>latratu</strong></span> <span class='ocrx_word' id='word_1_160' title='bbox 639 2710 732 2768; x_wconf 89' lang='lat' dir='ltr'><strong>regna</strong></span> <span class='ocrx_word' id='word_1_161' title='bbox 744 2694 857 2751; x_wconf 86' lang='lat' dir='ltr'><strong>trifauci</strong></span> 
     </span>
     <span class='ocr_line' id='line_1_26' title="bbox 119 2789 868 2866; baseline 0.003 -18"><span class='ocrx_word' id='word_1_162' title='bbox 119 2799 268 2866; x_wconf 88' lang='lat' dir='ltr'><strong>personat,</strong></span> <span class='ocrx_word' id='word_1_163' title='bbox 284 2789 407 2849; x_wconf 87' lang='lat' dir='ltr'><strong>adverso</strong></span> <span class='ocrx_word' id='word_1_164' title='bbox 421 2792 567 2849; x_wconf 90' lang='lat' dir='ltr'><strong>recubans</strong></span> <span class='ocrx_word' id='word_1_165' title='bbox 583 2791 717 2848; x_wconf 91' lang='lat' dir='ltr'><strong>immanis</strong></span> <span class='ocrx_word' id='word_1_166' title='bbox 732 2791 762 2847; x_wconf 91' lang='lat' dir='ltr'><strong>in</strong></span> <span class='ocrx_word' id='word_1_167' title='bbox 776 2802 868 2850; x_wconf 87' lang='lat' dir='ltr'><strong>antro.</strong></span> 
     </span>
     <span class='ocr_line' id='line_1_27' title="bbox 120 2886 844 2959; baseline -0.001 -13"><span class='ocrx_word' id='word_1_168' title='bbox 120 2888 176 2947; x_wconf 91' lang='lat' dir='ltr'><strong>Cui</strong></span> <span class='ocrx_word' id='word_1_169' title='bbox 190 2897 281 2959; x_wconf 90' lang='lat' dir='ltr'><strong>vates,</strong></span> <span class='ocrx_word' id='word_1_170' title='bbox 296 2886 411 2946; x_wconf 89' lang='lat' dir='ltr'><strong>horrere</strong></span> <span class='ocrx_word' id='word_1_171' title='bbox 426 2888 530 2947; x_wconf 88' lang='lat' dir='ltr'><strong>videns</strong></span> <span class='ocrx_word' id='word_1_172' title='bbox 545 2889 604 2946; x_wconf 90' lang='lat' dir='ltr'><strong>iam</strong></span> <span class='ocrx_word' id='word_1_173' title='bbox 619 2888 695 2945; x_wconf 89' lang='lat' dir='ltr'><strong>colla</strong></span> <span class='ocrx_word' id='word_1_174' title='bbox 708 2888 844 2959; x_wconf 91' lang='lat' dir='ltr'><strong>colubris,</strong></span> 
     </span>
     <span class='ocr_line' id='line_1_28' title="bbox 120 2984 847 3061; baseline 0.003 -19"><span class='ocrx_word' id='word_1_175' title='bbox 120 2984 205 3042; x_wconf 90' lang='lat' dir='ltr'><strong>melle</strong></span> <span class='ocrx_word' id='word_1_176' title='bbox 220 2995 386 3059; x_wconf 88' lang='lat' dir='ltr'><strong>soporatam</strong></span> <span class='ocrx_word' id='word_1_177' title='bbox 401 2995 431 3042; x_wconf 90' lang='lat' dir='ltr'><strong>et</strong></span> <span class='ocrx_word' id='word_1_178' title='bbox 445 2985 597 3044; x_wconf 89' lang='lat' dir='ltr'><strong>medicatis</strong></span> <span class='ocrx_word' id='word_1_179' title='bbox 613 2986 743 3061; x_wconf 85' lang='lat' dir='ltr'><strong>frugibus</strong></span> <span class='ocrx_word' id='word_1_180' title='bbox 757 2985 847 3044; x_wconf 85' lang='lat' dir='ltr'><strong>offam</strong></span> 
     </span>
     <span class='ocr_line' id='line_1_29' title="bbox 122 3081 869 3158; baseline 0.003 -19"><span class='ocrx_word' id='word_1_181' title='bbox 122 3081 219 3139; x_wconf 88' lang='lat' dir='ltr'><strong>obicit.</strong></span> <span class='ocrx_word' id='word_1_182' title='bbox 262 3081 315 3139; x_wconf 89' lang='lat' dir='ltr'><strong>Ille</strong></span> <span class='ocrx_word' id='word_1_183' title='bbox 330 3081 406 3139; x_wconf 87' lang='lat' dir='ltr'><strong>fame</strong></span> <span class='ocrx_word' id='word_1_184' title='bbox 420 3082 523 3141; x_wconf 89' lang='lat' dir='ltr'><strong>rabida</strong></span> <span class='ocrx_word' id='word_1_185' title='bbox 538 3083 592 3141; x_wconf 85' lang='lat' dir='ltr'><strong>tria</strong></span> <span class='ocrx_word' id='word_1_186' title='bbox 606 3092 722 3158; x_wconf 87' lang='lat' dir='ltr'><strong>guttura</strong></span> <span class='ocrx_word' id='word_1_187' title='bbox 735 3082 869 3157; x_wconf 89' lang='lat' dir='ltr'><strong>pandens</strong></span> 
     </span>
     <span class='ocr_line' id='line_1_30' title="bbox 122 3179 892 3256; baseline 0.005 -21"><span class='ocrx_word' id='word_1_188' title='bbox 122 3180 238 3253; x_wconf 84' lang='lat' dir='ltr'><strong>com‘pit</strong></span> <span class='ocrx_word' id='word_1_189' title='bbox 252 3179 407 3251; x_wconf 90' lang='lat' dir='ltr'><strong>obiectam,</strong></span> <span class='ocrx_word' id='word_1_190' title='bbox 423 3190 511 3255; x_wconf 89' lang='lat' dir='ltr'><strong>atque</strong></span> <span class='ocrx_word' id='word_1_191' title='bbox 528 3180 666 3239; x_wconf 91' lang='lat' dir='ltr'><strong>immania</strong></span> <span class='ocrx_word' id='word_1_192' title='bbox 680 3190 762 3256; x_wconf 88' lang='lat' dir='ltr'><strong>terga</strong></span> <span class='ocrx_word' id='word_1_193' title='bbox 774 3180 892 3239; x_wconf 86' lang='lat' dir='ltr'><strong>resolvit</strong></span> 
     </span>
     <span class='ocr_line' id='line_1_31' title="bbox 122 3276 846 3361; baseline 0.006 -28"><span class='ocrx_word' id='word_1_194' title='bbox 122 3277 199 3361; x_wconf 74' lang='lat' dir='ltr'><strong>lusus</strong></span> <span class='ocrx_word' id='word_1_195' title='bbox 213 3276 304 3348; x_wconf 91' lang='lat' dir='ltr'><strong>humi,</strong></span> <span class='ocrx_word' id='word_1_196' title='bbox 320 3286 441 3352; x_wconf 92' lang='lat' dir='ltr'><strong>totoque</strong></span> <span class='ocrx_word' id='word_1_197' title='bbox 456 3278 559 3353; x_wconf 90' lang='lat' dir='ltr'><strong>ingens</strong></span> <span class='ocrx_word' id='word_1_198' title='bbox 574 3278 740 3337; x_wconf 89' lang='lat' dir='ltr'><strong>extenditur</strong></span> <span class='ocrx_word' id='word_1_199' title='bbox 753 3287 846 3337; x_wconf 91' lang='lat' dir='ltr'><strong>antro.</strong></span> 
     </span>
     <span class='ocr_line' id='line_1_32' title="bbox 124 3373 791 3451; baseline 0.001 -19"><span class='ocrx_word' id='word_1_200' title='bbox 124 3373 257 3447; x_wconf 92' lang='lat' dir='ltr'><strong>Occupat</strong></span> <span class='ocrx_word' id='word_1_201' title='bbox 271 3375 386 3431; x_wconf 88' lang='lat' dir='ltr'><strong>Aeneas</strong></span> <span class='ocrx_word' id='word_1_202' title='bbox 401 3373 512 3432; x_wconf 88' lang='lat' dir='ltr'><strong>aditum</strong></span> <span class='ocrx_word' id='word_1_203' title='bbox 527 3375 651 3433; x_wconf 91' lang='lat' dir='ltr'><strong>custode</strong></span> <span class='ocrx_word' id='word_1_204' title='bbox 666 3375 791 3451; x_wconf 90' lang='lat' dir='ltr'><strong>sepulto,</strong></span> 
     </span>
     <span class='ocr_line' id='line_1_33' title="bbox 124 3469 807 3546; baseline 0.006 -19"><span class='ocrx_word' id='word_1_205' title='bbox 124 3469 276 3544; x_wconf 85' lang='lat' dir='ltr'><strong>evaditque</strong></span> <span class='ocrx_word' id='word_1_206' title='bbox 291 3471 370 3529; x_wconf 90' lang='lat' dir='ltr'><strong>celer</strong></span> <span class='ocrx_word' id='word_1_207' title='bbox 382 3471 475 3546; x_wconf 87' lang='lat' dir='ltr'><strong>ripam</strong></span> <span class='ocrx_word' id='word_1_208' title='bbox 490 3472 684 3531; x_wconf 89' lang='lat' dir='ltr'><strong>inremeabilis</strong></span> <span class='ocrx_word' id='word_1_209' title='bbox 699 3471 807 3531; x_wconf 88' lang='lat' dir='ltr'><strong>undae.</strong></span> 
     </span>
    </p>

    <p class='ocr_par' dir='ltr' id='par_1_10' title="bbox 125 3567 850 3840">
     <span class='ocr_line' id='line_1_34' title="bbox 161 3567 850 3645; baseline 0.004 -21"><span class='ocrx_word' id='word_1_210' title='bbox 161 3567 308 3625; x_wconf 86' lang='lat' dir='ltr'><strong>Continuo</strong></span> <span class='ocrx_word' id='word_1_211' title='bbox 324 3568 439 3626; x_wconf 88' lang='lat' dir='ltr'><strong>auditae</strong></span> <span class='ocrx_word' id='word_1_212' title='bbox 453 3587 551 3641; x_wconf 88' lang='lat' dir='ltr'><strong>voces,</strong></span> <span class='ocrx_word' id='word_1_213' title='bbox 567 3570 678 3645; x_wconf 88' lang='lat' dir='ltr'><strong>vagitus</strong></span> <span class='ocrx_word' id='word_1_214' title='bbox 693 3580 724 3627; x_wconf 94' lang='lat' dir='ltr'><strong>et</strong></span> <span class='ocrx_word' id='word_1_215' title='bbox 736 3570 850 3645; x_wconf 88' lang='lat' dir='ltr'><strong>ingens,</strong></span> 
     </span>
     <span class='ocr_line' id='line_1_35' title="bbox 125 3662 845 3742; baseline 0.008 -23"><span class='ocrx_word' id='word_1_216' title='bbox 125 3662 319 3739; x_wconf 81' lang='lat' dir='ltr'><strong>infantumque</strong></span> <span class='ocrx_word' id='word_1_217' title='bbox 333 3666 447 3723; x_wconf 88' lang='lat' dir='ltr'><strong>animae</strong></span> <span class='ocrx_word' id='word_1_218' title='bbox 462 3664 567 3725; x_wconf 84' lang='lat' dir='ltr'><strong>flentes</strong></span> <span class='ocrx_word' id='word_1_219' title='bbox 581 3668 611 3725; x_wconf 88' lang='lat' dir='ltr'><strong>in</strong></span> <span class='ocrx_word' id='word_1_220' title='bbox 625 3666 725 3725; x_wconf 92' lang='lat' dir='ltr'><strong>limine</strong></span> <span class='ocrx_word' id='word_1_221' title='bbox 740 3666 845 3742; x_wconf 87' lang='lat' dir='ltr'><strong>primo,</strong></span> 
     </span>
     <span class='ocr_line' id='line_1_36' title="bbox 127 3760 849 3840; baseline 0.011 -23"><span class='ocrx_word' id='word_1_222' title='bbox 127 3775 195 3833; x_wconf 90' lang='lat' dir='ltr'><strong>quos</strong></span> <span class='ocrx_word' id='word_1_223' title='bbox 209 3760 302 3821; x_wconf 91' lang='lat' dir='ltr'><strong>dulcis</strong></span> <span class='ocrx_word' id='word_1_224' title='bbox 315 3762 393 3822; x_wconf 82' lang='lat' dir='ltr'><strong>vitae</strong></span> <span class='ocrx_word' id='word_1_225' title='bbox 406 3772 536 3823; x_wconf 86' lang='lat' dir='ltr'><strong>exsortes</strong></span> <span class='ocrx_word' id='word_1_226' title='bbox 551 3774 580 3823; x_wconf 91' lang='lat' dir='ltr'><strong>et</strong></span> <span class='ocrx_word' id='word_1_227' title='bbox 595 3764 632 3823; x_wconf 90' lang='lat' dir='ltr'><strong>ab</strong></span> <span class='ocrx_word' id='word_1_228' title='bbox 647 3764 736 3822; x_wconf 88' lang='lat' dir='ltr'><strong>ubere</strong></span> <span class='ocrx_word' id='word_1_229' title='bbox 749 3776 849 3840; x_wconf 87' lang='lat' dir='ltr'><strong>raptos</strong></span> 
     </span>
    </p>
   </div>
   <div class='ocr_carea' id='block_1_3' title="bbox 0 0 1434 4292">
    <p class='ocr_par' dir='ltr' id='par_1_11' title="bbox 0 0 1434 4292">
     <span class='ocr_line' id='line_1_37' title="bbox 0 0 1434 4292; baseline 0 0"><span class='ocrx_word' id='word_1_230' title='bbox 0 0 1434 4292; x_wconf 95' lang='lat' dir='ltr'><strong> </strong></span> 
     </span>
    </p>
   </div>
  </div>
 </body>
</html>
