2834 4292
154 295 216 344 ner.
231 295 281 362 11.]
540 329 542 334 -
613 285 740 351 Alexis.

153 470 243 527 Nunc
259 469 347 526 etiam
361 468 493 544 pecudes
507 471 623 530 umbras
638 481 667 529 et
681 471 787 546 frigora
800 479 920 546 captant
928 490 939 545 3

152 583 234 622 nunc
247 565 344 624 viridis
359 567 447 623 etiam
461 567 611 624 occultant
624 568 739 642 spineta
752 568 885 640 lacertos,

151 662 298 738 Thestylis
314 671 343 720 et
356 662 460 738 rapido
473 664 556 722 sessis
570 663 746 722 messoribus
759 673 842 722 aestu

152 759 220 817 allia
233 759 446 835 serpyllumque
461 759 564 819 herbas
580 759 735 818 contundit
749 760 863 819 olentis.

151 857 191 913 At
205 873 324 913 mecum
338 857 441 928 raucis,
455 865 506 914 tua
519 855 591 914 dum
604 857 727 932 vestigia
739 857 838 930 lustro,

151 953 214 1010 sole
229 953 284 1011 sub
298 952 410 1011 ardenti
424 964 562 1012 resonant
575 954 692 1012 arbusta
705 953 824 1013 cicadis.

194 1051 304 1109 Nonne
317 1050 371 1108 suit
385 1051 472 1108 satius
486 1051 572 1109 tristis
586 1051 770 1127 Amaryllidis
783 1052 839 1110 iras

150 1157 241 1223 atque
256 1147 381 1223 superba
393 1148 455 1223 pati
467 1147 591 1220 fastidia,
605 1167 704 1206 nonne
720 1150 886 1221 Menalcan,

151 1246 285 1320 quamvis
299 1245 346 1302 ille
360 1245 451 1320 niger,
465 1246 598 1320 quamvis
611 1255 643 1304 tn
658 1245 802 1303 candidus
816 1248 917 1306 esses?

152 1343 182 1402 Ο
196 1343 323 1400 formose
337 1361 418 1418 puer,
433 1342 556 1400 nimium
570 1361 607 1401 ne
622 1342 711 1401 crede
725 1344 836 1402 colori!

150 1440 228 1498 Alba
240 1439 358 1515 ligustra
371 1439 490 1512 cadunt,
506 1440 638 1499 vaccinia
652 1441 734 1517 nigra
747 1442 890 1516 leguntur.

135 1531 147 1552 ⁶
194 1539 360 1613 Despectus
375 1537 427 1596 tibi
441 1557 516 1610 sum,
531 1556 588 1596 nec
602 1539 653 1614 qui
667 1539 722 1596 sim
736 1539 859 1613 quaeris,
873 1538 967 1612 Alexi,

151 1653 242 1710 quam
256 1634 337 1693 dives
343 1636 475 1711 pecoris,
490 1636 567 1695 nivei
580 1654 669 1712 quam
683 1637 766 1694 lactis
779 1634 943 1696 abundans.

70 1782 72 1785 .
151 1733 234 1791 Mille
249 1751 332 1790 meae
347 1731 448 1791 Siculis
464 1744 559 1791 errant
571 1733 602 1792 in
616 1734 764 1792 montibus
778 1751 891 1809 agnae,

149 1829 197 1887 lac
212 1830 283 1887 mihi
297 1847 358 1888 non
373 1840 481 1888 aestate
495 1849 614 1903 novum,
628 1849 688 1888 non
703 1831 807 1906 frigore
821 1829 913 1903 defit;

149 1937 240 1986 canto
253 1945 329 2002 quae
341 1927 450 2000 solitus,
464 1928 489 1986 si
502 1927 622 2002 quando
636 1937 768 1986 armenta
780 1927 915 1999 vocabat,

149 2024 301 2098 Amphion
315 2025 458 2082 Dircaeus
472 2025 502 2082 in
517 2029 628 2084 Actaeo
642 2025 810 2083 Aracintho.

192 2121 259 2179 Nec
274 2140 338 2178 sum
352 2120 428 2180 adeo
442 2121 589 2180 informis:
612 2140 705 2197 nuper
719 2140 767 2179 me
782 2123 812 2179 iu
825 2121 908 2180 litore
921 2121 991 2194 vidi,

149 2238 219 2276 cum
235 2217 383 2294 placidum
397 2220 490 2277 ventis
504 2229 590 2277 staret
605 2237 704 2291 mare,
725 2238 786 2278 non
801 2237 857 2294 ego
871 2219 1023 2296 Daphnim

148 2315 248 2373 iudice
263 2326 292 2373 te
306 2327 444 2388 metuam,
459 2317 484 2374 si
497 2335 659 2391 numquam
673 2316 744 2374 fallit
756 2317 863 2392 imago.

149 2414 178 2472 Ο
193 2423 307 2471 tantum
321 2414 410 2472 libeat
423 2431 541 2472 mecum
555 2414 607 2473 tibi
621 2413 820 2472 sordidarum

148 2521 237 2586 atque
253 2511 368 2569 humilis
382 2511 512 2570 habitare
527 2531 617 2584 casaS,
632 2522 662 2570 et
675 2512 764 2587 figere
779 2531 891 2584 cervos,

147 2609 370 2684 haedorumque
384 2627 503 2685 gregem
516 2608 599 2667 viridi
613 2610 790 2684 compellere
805 2610 938 2669 hibisco!

147 2707 272 2765 Mecum
285 2725 345 2766 una
358 2707 388 2765 in
402 2708 477 2765 silvis
492 2707 641 2766 imitabere
657 2709 738 2765 Pana
751 2707 896 2767 canendo.

151 2799 230 2880 [Pan
245 2805 355 2880 primus
370 2805 497 2863 calamos
511 2823 580 2863 cera
593 2805 770 2880 coniungere
785 2805 875 2880 pluris

146 2901 288 2974 instituit,
311 2904 372 2960 Pan
387 2912 468 2960 curat
481 2903 543 2961 ovis
557 2903 715 2976 oviumque
730 2899 908 2980 magistros]

187 2999 255 3057 Nec
269 3009 298 3056 te
313 2999 461 3074 paeniteat
475 2999 588 3058 calamo
602 3000 713 3058 trivisse
727 2999 882 3058 labellum:

145 3096 220 3154 haec
236 3096 341 3155 eadem
355 3106 387 3154 ut
401 3097 495 3168 sciret,
510 3096 582 3172 quid
596 3115 657 3154 non
671 3096 796 3164 faciebat
810 3098 973 3172 Amyntas?

146 3194 200 3251 Est
214 3193 285 3250 mihi
300 3192 462 3268 disparibus
477 3203 590 3269 septem
604 3204 762 3269 compacta
774 3194 877 3252 cicutis

143 3289 248 3361 fistula,
265 3291 424 3348 Damoetas
439 3289 520 3348 dono
534 3289 606 3348 mihi
620 3308 708 3366 quam
725 3290 808 3349 dedit
821 3291 901 3361 olim,

143 3395 174 3443 et
189 3385 261 3444 dixit
276 3387 420 3444 moriens:
444 3387 504 3444 ‘Te
519 3405 599 3444 nunc
613 3387 701 3446 habet
715 3387 770 3446 ista
783 3387 967 3446 secundum.¹

143 3483 227 3540 Dixit
241 3483 402 3540 Damoetas
413 3503 423 3556 ;
444 3483 547 3541 invidit
561 3483 664 3541 stultus
677 3486 827 3559 Amyntas.

184 3580 340 3636 Praeterea
353 3577 423 3652 duo,
437 3597 494 3637 nec
509 3589 572 3638 tuta
584 3579 656 3638 mihi
669 3581 742 3638 valle
756 3581 871 3656 reperti,

1168 3596 1199 3638 40

172 3762 194 3796 1¹
203 3763 340 3822 serpullum.
365 3764 394 3810 R
435 3763 458 3796 2²
468 3777 550 3809 novom
563 3763 601 3822 (as
612 3765 698 3822 always
708 3764 768 3810 aster
777 3764 814 3822 v).
840 3765 868 3812 R.
907 3764 1114 3814 ⁸²⁸⁸”omitted
1140 3769 1167 3814 R
