2834 4292
150 342 198 391 VI.
210 341 281 405 m]
342 332 453 395 Doves
471 332 580 395 Guide
602 343 634 395 to
657 332 712 397 tlte
730 330 856 394 Golden
878 327 1019 390 Bramlt.
1147 328 1203 388 161

151 515 203 573 ‘Si
216 533 297 572 nunc
312 533 343 573 se
357 515 443 574 nobis
457 516 505 573 ille
520 532 623 573 aureus
637 514 740 573 arbore
754 531 851 571 ramos

151 612 291 669 ostendat
305 630 425 670 nemore
440 613 470 669 in
484 622 576 683 tant0,
591 610 713 686 quando
728 611 829 668 omnia
841 626 909 667 vere

105 707 211 787 Λευ
225 709 349 766 nimium
364 708 402 766 de
416 717 445 767 te
460 719 550 779 vates,
567 710 692 780 Misene,
707 708 807 765 locuta
819 708 883 764 est!

191 806 251 862 Vix
265 823 301 862 ea
314 805 389 863 fatus
404 814 473 876 erat,
487 806 622 880 geminae
638 823 706 862 cum
720 804 794 861 forte
807 802 964 862 columbae

149 902 217 977 ipsa
229 902 285 959 sub
299 919 350 959 ora
363 902 415 959 viri
429 903 512 960 caelo
526 920 634 960 venere
647 902 789 971 volantes,

150 1010 181 1057 et
194 999 280 1056 viridi
294 998 397 1056 sedere
412 1000 484 1057 solo.
525 1000 603 1057 Tum
617 998 760 1056 maximus
774 998 861 1056 heros

149 1105 297 1153 maternas
313 1096 445 1171 agnoscit
459 1113 536 1168 aves,
551 1096 702 1171 laetusque
715 1105 870 1170 precatur:

151 1194 243 1251 ‘Este
259 1192 359 1264 duces,
375 1194 413 1265 Ο,
424 1193 448 1251 si
463 1212 522 1269 qua
535 1194 582 1251 via
596 1202 649 1264 est,
665 1210 842 1268 cursumque
856 1210 910 1268 per
922 1210 1006 1251 auras

149 1290 266 1366 dirigite
280 1291 310 1347 in
324 1291 416 1363 lucos,
431 1292 482 1349 ubi
496 1291 637 1367 pinguem
652 1290 734 1348 dives
748 1300 857 1366 opacat

147 1406 248 1445 ramus
263 1387 394 1446 humum.
436 1388 552 1463 Tuque,
567 1388 605 1459 O,
622 1386 718 1446 dubiis
732 1407 770 1446 ne
785 1388 880 1446 defice
894 1389 990 1460 rebus,

149 1485 220 1543 diva
233 1486 357 1561 parens!
399 1484 447 1544 Sic
463 1485 566 1543 effatus
580 1486 700 1561 vestigia
715 1487 827 1561 pressit,

149 1584 308 1641 observans
323 1600 398 1657 quae
414 1583 496 1657 signa
511 1582 611 1653 ferant,
628 1602 688 1658 quo
701 1583 824 1641 tendere
838 1591 970 1659 pergant.

149 1682 309 1737 Pascentes
323 1680 388 1737 illae
402 1688 517 1737 tantum
532 1680 650 1755 prodire
664 1681 801 1751 volando,

148 1786 292 1851 quantum
307 1778 370 1834 acie
385 1787 507 1853 possent
522 1777 599 1835 oculi
614 1796 727 1836 servare
742 1788 928 1853 sequentum.
1033 1846 1040 1858 ι
1135 1848 1139 1855 ¹

149 1873 228 1931 Inde
242 1874 293 1932 ubi
306 1892 412 1932 venere
426 1874 465 1931 ad
480 1876 579 1933 fauces
593 1894 679 1950 grave
694 1876 798 1933 olentis
812 1875 928 1946 Averni,

148 1971 256 2029 tollunt
270 1989 301 2029 se
316 1972 435 2044 celeres,
451 1970 653 2047 liquidumque
667 1991 720 2048 per
734 1973 800 2031 aera
814 1974 913 2047 lapsae

149 2067 270 2126 sedibus
285 2068 391 2145 optatis
404 2071 540 2145 geminae
555 2088 642 2145 super
655 2070 758 2128 arbore
772 2069 880 2142 sidunt,

149 2165 280 2223 discolor
292 2163 373 2223 unde
387 2167 449 2225 aurr'
462 2184 516 2241 per
528 2185 625 2225 ramos
639 2185 709 2224 aura
722 2167 840 2224 refulsit.

149 2262 247 2337 Quale
261 2262 335 2320 solet
348 2262 425 2321 silvis
439 2263 560 2322 brumali
575 2264 678 2339 frigore
692 2264 805 2321 viscum

148 2358 254 2417 fronde
268 2360 359 2417 virere
373 2376 459 2432 nova,
476 2359 558 2435 quod
572 2379 632 2418 non
647 2380 699 2419 sua
715 2362 839 2419 seminat
853 2361 948 2434 arbos,

127 2468 129 2474 ’
148 2466 179 2515 et
192 2474 301 2515 croceo
315 2458 376 2516 fetu
390 2459 487 2515 teretis
503 2458 685 2516 circumdare
700 2468 826 2530 truncos,

147 2555 212 2613 talis
227 2565 288 2613 erat
302 2555 416 2631 species
429 2556 492 2614 auri
506 2555 668 2614 frondentis
683 2574 779 2631 opaca

146 2653 225 2724 ilice,
240 2652 283 2710 sic
296 2653 355 2711 leni
370 2653 531 2729 crepitabat
545 2652 658 2711 brattea
670 2663 768 2711 vento.

148 2751 277 2826 Corripit
291 2755 406 2811 Aeneas
421 2752 568 2828 extemplo
583 2751 744 2825 avidusque
758 2750 886 2826 refringit

148 2858 347 2921 cunctantem,
363 2860 393 2907 et
406 2850 478 2908 vatis
494 2858 592 2924 portat
606 2849 661 2906 sub
674 2857 754 2905 tecta
767 2848 899 2922 Sibyllae.

189 2948 257 3004 Nec
272 2947 367 3004 minus
382 2946 491 3005 interea
507 2948 656 3005 Misenum
671 2946 700 3003 in
715 2946 797 3002 litore
812 2945 920 3003 Teucri

148 3043 266 3113 flebant,
282 3053 312 3100 et
325 3044 415 3101 cineri
430 3043 543 3119 ingrato
561 3062 697 3119 suprema
710 3042 850 3100 ferebant.

149 3140 297 3214 Principio
311 3141 451 3216 pinguem
465 3140 558 3199 taedis
573 3150 603 3199 et
616 3142 721 3199 robore
737 3148 819 3197 secto

147 3237 298 3312 ingentem
313 3248 441 3295 struxere
456 3256 569 3313 pyram,
585 3239 633 3295 cui
647 3236 798 3295 frondibus
812 3237 879 3295 atris

148 3334 282 3391 intexunt
296 3335 394 3404 latera,
410 3343 440 3391 et
454 3335 555 3393 ferales
572 3344 640 3397 ante
656 3352 811 3409 cupressos

148 3432 337 3502 constituunt,
353 3430 552 3506 decorantque
567 3448 654 3505 super
667 3431 844 3506 fulgentibus
858 3431 954 3490 armis.

149 3529 216 3585 Pars
231 3527 341 3585 calidos
356 3528 456 3586 latices
470 3538 500 3585 et
514 3528 588 3587 aena
601 3528 742 3585 undantia
755 3528 879 3587 flammis

149 3624 317 3699 expediunt,
331 3643 497 3699 corpusque
511 3625 606 3683 lavant
621 3626 749 3699 frigentis
765 3636 794 3683 et
807 3635 951 3701 unguunt.

150 3722 196 3780 Fit
208 3722 342 3797 gemitus,
382 3722 461 3779 Tum
475 3722 608 3779 membra
620 3732 685 3779 toro
700 3721 807 3778 defleta
819 3731 976 3797 reponunt,

220 3847 253 3883 1⁹⁶
262 3848 370 3907 arrigite.
386 3849 415 3897 R.
474 3847 582 3908 ¹⁸⁶s0rte.
599 3849 627 3895 R.
686 3847 829 3905 wgemina.
847 3850 875 3894 R
933 3848 1077 3895 mrractea.
1095 3851 1128 3897 H.
