2834 4292
166 343 270 408 1·454·]
360 421 364 428 Ι
432 332 463 394 T
458 332 499 395 lte
520 333 606 395 Nera
631 330 704 414 city
726 333 768 415 of
785 330 956 416 Cartlrage.

167 515 289 575 Miratur
302 517 413 575 molem
427 519 551 588 Aeneas,
566 517 690 593 magalia
703 517 863 592 quondam,

165 613 284 671 miratur
296 624 396 696 portas
410 615 621 689 strepitumque
636 621 666 672 et
681 624 768 672 strata
781 614 901 672 viarum.

165 711 281 769 Instant
295 710 432 792 ardentes
443 711 522 786 Tyrii
536 729 602 786 pars
617 710 726 768 ducere
741 730 848 783 muros,

163 807 317 882 molirique
332 823 431 866 arcem
445 817 475 865 ct
488 807 622 866 manibus
637 807 807 866 subvolvere
821 826 899 880 saxa,

162 923 232 982 pars
246 914 348 980 optare
362 903 461 962 locum
475 913 556 962 tecto
570 914 599 962 et
615 904 793 962 concludere
808 905 900 963 sulco.

167 985 254 1080 [Iura
267 1002 508 1077 magistratusque
524 1001 624 1077 legimt
637 1012 831 1076 sanctumque
845 1011 979 1060 senatum
989 999 1016 1081 3]

162 1099 213 1156 hic
227 1109 327 1175 portus
342 1098 390 1156 alii
403 1097 567 1193 effodiunt;
588 1097 637 1156 hic
651 1099 710 1155 alta
723 1098 843 1156 theatris

161 1195 354 1255 fundamenta
368 1196 468 1254 locant
481 1195 538 1269 alii,
553 1195 747 1271 immanisque
762 1195 914 1255 columnas

160 1294 283 1370 rupibus
298 1292 447 1366 excidunt,
462 1292 577 1376 scaqnis
592 1292 701 1351 decora
714 1293 772 1350 alta
785 1292 895 1352 futuris.

162 1392 266 1466 Qualis
280 1408 351 1468 apes
366 1399 476 1449 aestate
490 1409 568 1449 nova
580 1409 635 1466 per
647 1391 737 1449 florea
749 1409 815 1448 rura

57 1553 61 1560 ⁸
161 1489 282 1547 exercet
295 1489 350 1548 sub
363 1488 425 1547 sole
440 1487 531 1561 labor,
546 1507 616 1546 cum
630 1489 724 1564 gentis
739 1487 855 1546 adultos

160 1585 294 1646 educunt
307 1586 391 1658 setus,
406 1596 457 1644 aut
470 1605 538 1643 cum
553 1585 693 1662 liquentia
705 1587 794 1644 mella

44 1729 55 1749 .
159 1684 271 1760 stipant
284 1692 314 1742 et
327 1683 406 1742 dulci
421 1681 592 1742 distendunt
605 1693 724 1741 nectare
739 1683 835 1755 cellas,

158 1790 212 1840 aut
225 1799 316 1839 onera
329 1779 478 1856 accipiunt
491 1780 670 1851 venientum,
685 1791 736 1838 aut
750 1781 865 1856 agmine
879 1781 959 1842 facto

158 1879 298 1958 ignavom
312 1877 395 1936 sucos
408 1895 501 1954 pecus
515 1895 533 1934 a
546 1877 734 1953 praesepibus
748 1888 867 1936 arcent:

157 1977 253 2037 fervet
266 1994 350 2055 opus,
365 1973 557 2053 redolentque
572 1975 675 2052 thymo
688 1975 843 2050 fragrantia
856 1975 951 2037 mella.

159 2077 208 2136 ‘O
222 2077 368 2149 fortunati,
383 2095 507 2153 quorum
522 2075 581 2134 iam
594 2073 713 2135 moenia
726 2083 846 2153 surgunt
859 2075 865 2134 l
876 2074 883 2102 '

158 2175 278 2233 Aeneas
292 2174 342 2247 ait,
356 2183 386 2232 et
399 2174 512 2250 fastigia
526 2173 646 2250 suspicit
659 2175 747 2233 urbis.

158 2273 252 2330 Infert
265 2287 299 2330 se
312 2280 430 2347 neptus
444 2269 560 2343 nebula,
576 2271 705 2330 mirabile
721 2271 812 2345 dictu,

157 2387 213 2446 per
225 2367 348 2440 medios,
364 2369 527 2444 miscetque
541 2367 617 2439 viris,
632 2387 729 2444 neque
744 2370 871 2428 cernitur
883 2372 943 2433 ulli.

122 2447 297 2523 ‘'lincus
311 2465 343 2524 in
355 2465 428 2524 urbe
443 2465 498 2524 fuit
510 2465 618 2538 media,
632 2466 804 2525 laetissimus
819 2469 929 2542 umbra,

156 2581 217 2639 quo
231 2562 358 2638 primum
371 2562 470 2621 iactati
483 2562 570 2621 undis
585 2572 614 2620 et
628 2563 742 2622 turbine
757 2565 850 2623 Poeni

156 2658 289 2718 effodere
301 2657 370 2717 loco
384 2660 509 2736 signum,
523 2659 604 2735 quod
618 2660 697 2736 regia
712 2662 788 2720 Iuno

155 2765 340 2829 monstrarat,
355 2765 445 2832 caput
459 2757 533 2816 acris
547 2756 634 2834 equi3
656 2759 698 2816 sic
712 2777 783 2816 nam
796 2760 858 2818 fore
871 2761 951 2823 bello

154 2853 304 2930 egregiam
318 2863 348 2912 et
361 2853 476 2912 facilem
490 2854 570 2930 victu
584 2873 637 2930 per
650 2857 767 2914 saecula
781 2868 909 2933 gentem.

154 2952 218 3010 Hic
231 2951 374 3027 templum
390 2951 499 3010 Iunoni
512 2952 614 3028 ingens
630 2953 750 3011 Sidonia
764 2955 845 3014 Dido

153 3047 314 3120 condebat,
328 3047 415 3128 donis
429 3050 603 3124 opulentum
617 3059 648 3108 et
661 3052 782 3109 numine
797 3051 891 3126 divae,

151 3164 240 3204 aerea
253 3145 303 3204 cui
316 3145 452 3221 gradibus
467 3147 622 3222 surgebant
636 3147 745 3220 limina,
761 3167 914 3227 nexaeque

150 3261 218 3302 aere
232 3242 340 3313 trabes,
356 3243 465 3320 foribus
481 3243 570 3302 cardo
586 3244 726 3304 stridebat
742 3247 833 3307 aenis.

151 3341 224 3400 Hoc
237 3341 367 3416 primum
382 3341 412 3399 in
426 3341 493 3401 luco
507 3359 585 3400 nova
597 3361 644 3400 res
659 3339 758 3430 oblata
771 3345 907 3407 timorem

149 3439 241 3512 leniit,
257 3437 306 3496 hic
320 3438 448 3514 primum
462 3441 578 3536 Aeneas
592 3458 708 3514 sperare
724 3441 847 3502 salutem

149 3555 247 3608 ausus,
263 3545 293 3594 et
307 3535 431 3594 adflictis
446 3533 549 3610 melius
565 3538 714 3597 confidere
729 3540 824 3600 rebus.

150 3636 290 3711 Namque
305 3633 360 3694 sub
375 3633 486 3710 ingenti
499 3633 600 3692 lustrat
614 3634 685 3694 dum
701 3637 813 3712 singula
826 3639 946 3716 templo,

147 3731 281 3813 reginam
295 3731 462 3806 opperiens,
479 3727 560 3804 dum,
576 3749 650 3806 quae
665 3733 781 3806 fortuna
795 3736 830 3794 sit
846 3737 916 3809 urbi,

266 3855 301 3893 w
311 3857 373 3906 m,
390 3857 418 3906 R,
572 3857 606 3892 42³
612 3864 702 3920 petunt.
719 3861 747 3908 R
899 3862 932 3898 ⁴⁴1
944 3865 1045 3914 umbrae.
1062 3868 1091 3917 R.
1190 3906 1193 3917 .
