<?xml version="1.0" encoding="UTF-8"?>
<!DOCTYPE html PUBLIC "-//W3C//DTD XHTML 1.0 Transitional//EN"
    "http://www.w3.org/TR/xhtml1/DTD/xhtml1-transitional.dtd">
<html xmlns="http://www.w3.org/1999/xhtml" xml:lang="en" lang="en">
 <head>
  <title>
</title>
<meta http-equiv="Content-Type" content="text/html;charset=utf-8" />
  <meta name='ocr-system' content='tesseract 3.04.00' />
  <meta name='ocr-capabilities' content='ocr_page ocr_carea ocr_par ocr_line ocrx_word'/>
</head>
<body>
  <div class='ocr_page' id='page_1' title='image "./greaterpoemsvir00kittgoog_0111.png"; bbox 0 0 2834 4292; ppageno 0'>
   <div class='ocr_carea' id='block_1_1' title="bbox 130 312 871 386">
    <p class='ocr_par' dir='ltr' id='par_1_1' title="bbox 130 312 871 386">
     <span class='ocr_line' id='line_1_1' title="bbox 130 312 871 386; baseline 0.023 -18"><span class='ocrx_word' id='word_1_1' title='bbox 130 318 267 386; x_wconf 83' lang='lat'>111.187.]</span> <span class='ocrx_word' id='word_1_2' title='bbox 450 312 480 376; x_wconf 87' lang='grc' dir='ltr'><em>Α</em></span> <span class='ocrx_word' id='word_1_3' title='bbox 505 314 689 381; x_wconf 80' lang='lat' dir='ltr'><strong>Pestilence</strong></span> <span class='ocrx_word' id='word_1_4' title='bbox 711 318 748 381; x_wconf 81' lang='lat' dir='ltr'><strong>in</strong></span> <span class='ocrx_word' id='word_1_5' title='bbox 772 317 871 386; x_wconf 82' lang='lat' dir='ltr'><em>Crete.</em></span> 
     </span>
    </p>
   </div>
   <div class='ocr_carea' id='block_1_2' title="bbox 100 494 984 3881">
    <p class='ocr_par' dir='ltr' id='par_1_2' title="bbox 100 494 984 3881">
     <span class='ocr_line' id='line_1_2' title="bbox 131 494 814 562; baseline 0.016 -11"><span class='ocrx_word' id='word_1_6' title='bbox 131 502 199 551; x_wconf 90' lang='lat' dir='ltr'><strong>tum</strong></span> <span class='ocrx_word' id='word_1_7' title='bbox 212 494 256 553; x_wconf 91' lang='lat' dir='ltr'><strong>sic</strong></span> <span class='ocrx_word' id='word_1_8' title='bbox 270 495 361 554; x_wconf 85' lang='lat' dir='ltr'><strong>adfari</strong></span> <span class='ocrx_word' id='word_1_9' title='bbox 376 506 406 555; x_wconf 87' lang='lat' dir='ltr'><strong>et</strong></span> <span class='ocrx_word' id='word_1_10' title='bbox 419 515 503 556; x_wconf 89' lang='lat' dir='ltr'><strong>curas</strong></span> <span class='ocrx_word' id='word_1_11' title='bbox 518 498 561 557; x_wconf 89' lang='lat' dir='ltr'><strong>his</strong></span> <span class='ocrx_word' id='word_1_12' title='bbox 576 498 694 559; x_wconf 91' lang='lat' dir='ltr'><strong>demere</strong></span> <span class='ocrx_word' id='word_1_13' title='bbox 709 501 814 562; x_wconf 89' lang='lat' dir='ltr'><strong>dictis:</strong></span> 
     </span>
     <span class='ocr_line' id='line_1_3' title="bbox 132 590 923 675; baseline 0.018 -28"><span class='ocrx_word' id='word_1_14' title='bbox 132 590 246 665; x_wconf 88' lang='lat' dir='ltr'><strong>‘Quod</strong></span> <span class='ocrx_word' id='word_1_15' title='bbox 260 593 312 651; x_wconf 89' lang='lat' dir='ltr'><strong>tibi</strong></span> <span class='ocrx_word' id='word_1_16' title='bbox 327 593 426 652; x_wconf 90' lang='lat' dir='ltr'><strong>delato</strong></span> <span class='ocrx_word' id='word_1_17' title='bbox 440 596 591 671; x_wconf 75' lang='lat' dir='ltr'>Ortygiam</span> <span class='ocrx_word' id='word_1_18' title='bbox 605 596 735 656; x_wconf 87' lang='lat' dir='ltr'><strong>dicturus</strong></span> <span class='ocrx_word' id='word_1_19' title='bbox 749 602 854 675; x_wconf 88' lang='lat' dir='ltr'>Apollo</span> <span class='ocrx_word' id='word_1_20' title='bbox 868 610 923 674; x_wconf 84' lang='lat' dir='ltr'><strong>est,</strong></span> 
     </span>
     <span class='ocr_line' id='line_1_4' title="bbox 130 686 882 760; baseline 0.016 -16"><span class='ocrx_word' id='word_1_21' title='bbox 130 686 184 745; x_wconf 91' lang='lat' dir='ltr'><strong>hic</strong></span> <span class='ocrx_word' id='word_1_22' title='bbox 199 688 287 760; x_wconf 89' lang='lat' dir='ltr'><strong>canit,</strong></span> <span class='ocrx_word' id='word_1_23' title='bbox 303 699 333 747; x_wconf 91' lang='lat' dir='ltr'><strong>et</strong></span> <span class='ocrx_word' id='word_1_24' title='bbox 346 700 397 749; x_wconf 86' lang='lat' dir='ltr'><strong>tua</strong></span> <span class='ocrx_word' id='word_1_25' title='bbox 409 710 464 749; x_wconf 92' lang='lat' dir='ltr'><strong>nos</strong></span> <span class='ocrx_word' id='word_1_26' title='bbox 479 710 516 749; x_wconf 92' lang='lat' dir='ltr'><strong>en</strong></span> <span class='ocrx_word' id='word_1_27' title='bbox 531 694 606 751; x_wconf 89' lang='lat' dir='ltr'><strong>ultro</strong></span> <span class='ocrx_word' id='word_1_28' title='bbox 620 694 658 752; x_wconf 86' lang='lat' dir='ltr'><strong>ad</strong></span> <span class='ocrx_word' id='word_1_29' title='bbox 673 696 774 753; x_wconf 89' lang='lat' dir='ltr'><strong>limina</strong></span> <span class='ocrx_word' id='word_1_30' title='bbox 787 700 882 757; x_wconf 88' lang='lat' dir='ltr'><strong>mittit.</strong></span> 
     </span>
     <span class='ocr_line' id='line_1_5' title="bbox 131 785 898 867; baseline 0.014 -25"><span class='ocrx_word' id='word_1_31' title='bbox 131 785 200 843; x_wconf 88' lang='lat' dir='ltr'><strong>Nos</strong></span> <span class='ocrx_word' id='word_1_32' title='bbox 214 795 254 856; x_wconf 91' lang='lat' dir='ltr'><strong>te,</strong></span> <span class='ocrx_word' id='word_1_33' title='bbox 270 786 421 846; x_wconf 86' lang='lat' dir='ltr'><strong>Dardania</strong></span> <span class='ocrx_word' id='word_1_34' title='bbox 434 789 562 862; x_wconf 89' lang='lat' dir='ltr'><strong>incensa,</strong></span> <span class='ocrx_word' id='word_1_35' title='bbox 578 800 686 866; x_wconf 88' lang='lat' dir='ltr'><strong>tuaque</strong></span> <span class='ocrx_word' id='word_1_36' title='bbox 701 810 782 851; x_wconf 87' lang='lat' dir='ltr'><strong>arma</strong></span> <span class='ocrx_word' id='word_1_37' title='bbox 794 797 898 867; x_wconf 86' lang='lat' dir='ltr'><strong>secuti,</strong></span> 
     </span>
     <span class='ocr_line' id='line_1_6' title="bbox 128 882 915 967; baseline 0.015 -28"><span class='ocrx_word' id='word_1_38' title='bbox 128 900 189 941; x_wconf 90' lang='lat' dir='ltr'><strong>nos</strong></span> <span class='ocrx_word' id='word_1_39' title='bbox 203 882 351 941; x_wconf 89' lang='lat' dir='ltr'><strong>tumidum</strong></span> <span class='ocrx_word' id='word_1_40' title='bbox 366 884 421 943; x_wconf 89' lang='lat' dir='ltr'><strong>sub</strong></span> <span class='ocrx_word' id='word_1_41' title='bbox 435 894 464 943; x_wconf 92' lang='lat' dir='ltr'><strong>te</strong></span> <span class='ocrx_word' id='word_1_42' title='bbox 479 888 626 961; x_wconf 89' lang='lat' dir='ltr'><strong>permensi</strong></span> <span class='ocrx_word' id='word_1_43' title='bbox 642 889 781 948; x_wconf 88' lang='lat' dir='ltr'><strong>classibus</strong></span> <span class='ocrx_word' id='word_1_44' title='bbox 796 910 915 967; x_wconf 91' lang='lat' dir='ltr'><strong>aequor,</strong></span> 
     </span>
     <span class='ocr_line' id='line_1_7' title="bbox 129 978 799 1061; baseline 0.013 -25"><span class='ocrx_word' id='word_1_45' title='bbox 129 978 217 1037; x_wconf 90' lang='lat' dir='ltr'><strong>idem</strong></span> <span class='ocrx_word' id='word_1_46' title='bbox 230 990 368 1039; x_wconf 87' lang='lat' dir='ltr'><strong>venturos</strong></span> <span class='ocrx_word' id='word_1_47' title='bbox 381 982 516 1041; x_wconf 87' lang='lat' dir='ltr'><strong>tollemus</strong></span> <span class='ocrx_word' id='word_1_48' title='bbox 530 984 560 1041; x_wconf 92' lang='lat' dir='ltr'><strong>in</strong></span> <span class='ocrx_word' id='word_1_49' title='bbox 573 994 650 1043; x_wconf 85' lang='lat' dir='ltr'><strong>astra</strong></span> <span class='ocrx_word' id='word_1_50' title='bbox 663 996 799 1061; x_wconf 86' lang='lat' dir='ltr'><strong>nepotes,</strong></span> 
     </span>
     <span class='ocr_line' id='line_1_8' title="bbox 128 1077 908 1163; baseline 0.018 -30"><span class='ocrx_word' id='word_1_51' title='bbox 128 1077 350 1152; x_wconf 88' lang='lat' dir='ltr'><strong>imperiumque</strong></span> <span class='ocrx_word' id='word_1_52' title='bbox 363 1079 427 1137; x_wconf 93' lang='lat' dir='ltr'><strong>urbi</strong></span> <span class='ocrx_word' id='word_1_53' title='bbox 441 1078 594 1138; x_wconf 87' lang='lat' dir='ltr'><strong>dabimus:</strong></span> <span class='ocrx_word' id='word_1_54' title='bbox 616 1089 650 1139; x_wconf 86' lang='lat' dir='ltr'><strong>tu</strong></span> <span class='ocrx_word' id='word_1_55' title='bbox 663 1085 782 1142; x_wconf 91' lang='lat' dir='ltr'><strong>moenia</strong></span> <span class='ocrx_word' id='word_1_56' title='bbox 795 1088 908 1163; x_wconf 88' lang='lat' dir='ltr'><strong>magnis</strong></span> 
     </span>
     <span class='ocr_line' id='line_1_9' title="bbox 129 1175 953 1256; baseline 0.018 -26"><span class='ocrx_word' id='word_1_57' title='bbox 129 1192 243 1249; x_wconf 85' lang='lat' dir='ltr'><strong>magna</strong></span> <span class='ocrx_word' id='word_1_58' title='bbox 256 1192 336 1249; x_wconf 88' lang='lat' dir='ltr'><strong>para,</strong></span> <span class='ocrx_word' id='word_1_59' title='bbox 350 1175 530 1251; x_wconf 85' lang='lat' dir='ltr'><strong>longumque</strong></span> <span class='ocrx_word' id='word_1_60' title='bbox 543 1177 629 1253; x_wconf 85' lang='lat' dir='ltr'><strong>fugae</strong></span> <span class='ocrx_word' id='word_1_61' title='bbox 645 1196 683 1237; x_wconf 91' lang='lat' dir='ltr'><strong>ne</strong></span> <span class='ocrx_word' id='word_1_62' title='bbox 698 1180 798 1256; x_wconf 89' lang='lat' dir='ltr'><strong>linque</strong></span> <span class='ocrx_word' id='word_1_63' title='bbox 812 1184 953 1245; x_wconf 88' lang='lat' dir='ltr'><strong>laborem.</strong></span> 
     </span>
     <span class='ocr_line' id='line_1_10' title="bbox 130 1271 861 1339; baseline 0.016 -11"><span class='ocrx_word' id='word_1_64' title='bbox 130 1271 299 1330; x_wconf 86' lang='lat' dir='ltr'><strong>Mutandae</strong></span> <span class='ocrx_word' id='word_1_65' title='bbox 315 1271 420 1330; x_wconf 89' lang='lat' dir='ltr'><strong>sedes:</strong></span> <span class='ocrx_word' id='word_1_66' title='bbox 442 1290 503 1331; x_wconf 89' lang='lat' dir='ltr'><strong>non</strong></span> <span class='ocrx_word' id='word_1_67' title='bbox 518 1274 591 1331; x_wconf 86' lang='lat' dir='ltr'><strong>haec</strong></span> <span class='ocrx_word' id='word_1_68' title='bbox 607 1275 660 1335; x_wconf 91' lang='lat' dir='ltr'><strong>tibi</strong></span> <span class='ocrx_word' id='word_1_69' title='bbox 674 1277 758 1336; x_wconf 89' lang='lat' dir='ltr'><strong>litora</strong></span> <span class='ocrx_word' id='word_1_70' title='bbox 771 1282 861 1339; x_wconf 90' lang='lat' dir='ltr'><strong>suasit</strong></span> 
     </span>
     <span class='ocr_line' id='line_1_11' title="bbox 130 1370 829 1452; baseline 0.011 -24"><span class='ocrx_word' id='word_1_71' title='bbox 130 1370 248 1441; x_wconf 90' lang='lat' dir='ltr'><strong>Delius,</strong></span> <span class='ocrx_word' id='word_1_72' title='bbox 264 1379 315 1428; x_wconf 91' lang='lat' dir='ltr'><strong>aut</strong></span> <span class='ocrx_word' id='word_1_73' title='bbox 328 1371 434 1429; x_wconf 80' lang='lat' dir='ltr'><strong>Cretae</strong></span> <span class='ocrx_word' id='word_1_74' title='bbox 449 1371 531 1429; x_wconf 89' lang='lat' dir='ltr'><strong>iussit</strong></span> <span class='ocrx_word' id='word_1_75' title='bbox 545 1375 699 1434; x_wconf 88' lang='lat' dir='ltr'><strong>considere</strong></span> <span class='ocrx_word' id='word_1_76' title='bbox 713 1378 829 1452; x_wconf 89' lang='lat' dir='ltr'><strong>Apollo.</strong></span> 
     </span>
     <span class='ocr_line' id='line_1_12' title="bbox 130 1468 895 1549; baseline 0.013 -24"><span class='ocrx_word' id='word_1_77' title='bbox 130 1470 187 1526; x_wconf 92' lang='lat' dir='ltr'><strong>Est</strong></span> <span class='ocrx_word' id='word_1_78' title='bbox 201 1468 295 1539; x_wconf 89' lang='lat' dir='ltr'><strong>locus,</strong></span> <span class='ocrx_word' id='word_1_79' title='bbox 311 1468 488 1543; x_wconf 86' lang='lat' dir='ltr'><strong>Hesperiam</strong></span> <span class='ocrx_word' id='word_1_80' title='bbox 503 1470 572 1529; x_wconf 86' lang='lat' dir='ltr'><strong>Grai</strong></span> <span class='ocrx_word' id='word_1_81' title='bbox 590 1475 769 1548; x_wconf 82' lang='lat' dir='ltr'><strong>cognomine</strong></span> <span class='ocrx_word' id='word_1_82' title='bbox 783 1475 895 1549; x_wconf 86' lang='lat' dir='ltr'><strong>dicunt,</strong></span> 
     </span>
     <span class='ocr_line' id='line_1_13' title="bbox 129 1566 939 1647; baseline 0.011 -24"><span class='ocrx_word' id='word_1_83' title='bbox 129 1576 210 1623; x_wconf 89' lang='lat' dir='ltr'><strong>terra</strong></span> <span class='ocrx_word' id='word_1_84' title='bbox 224 1566 352 1640; x_wconf 85' lang='lat' dir='ltr'><strong>antiqua,</strong></span> <span class='ocrx_word' id='word_1_85' title='bbox 366 1574 472 1639; x_wconf 89' lang='lat' dir='ltr'><strong>potens</strong></span> <span class='ocrx_word' id='word_1_86' title='bbox 487 1568 574 1624; x_wconf 83' lang='lat' dir='ltr'><strong>armis</strong></span> <span class='ocrx_word' id='word_1_87' title='bbox 590 1578 678 1643; x_wconf 87' lang='lat' dir='ltr'><strong>atque</strong></span> <span class='ocrx_word' id='word_1_88' title='bbox 693 1571 784 1629; x_wconf 89' lang='lat' dir='ltr'><strong>ubere</strong></span> <span class='ocrx_word' id='word_1_89' title='bbox 798 1572 918 1647; x_wconf 87' lang='lat' dir='ltr'><strong>glaebae</strong></span> <span class='ocrx_word' id='word_1_90' title='bbox 930 1595 939 1646; x_wconf 73' lang='grc' dir='ltr'><strong><em>ς</em></strong></span> 
     </span>
     <span class='ocr_line' id='line_1_14' title="bbox 129 1662 812 1735; baseline 0.006 -13"><span class='ocrx_word' id='word_1_91' title='bbox 129 1664 259 1723; x_wconf 84' lang='lat' dir='ltr'><strong>Oenotri</strong></span> <span class='ocrx_word' id='word_1_92' title='bbox 273 1662 390 1720; x_wconf 91' lang='lat' dir='ltr'><strong>coluere</strong></span> <span class='ocrx_word' id='word_1_93' title='bbox 404 1662 476 1735; x_wconf 89' lang='lat' dir='ltr'><strong>viri;</strong></span> <span class='ocrx_word' id='word_1_94' title='bbox 497 1681 577 1722; x_wconf 89' lang='lat' dir='ltr'><strong>nunc</strong></span> <span class='ocrx_word' id='word_1_95' title='bbox 592 1665 670 1723; x_wconf 85' lang='lat' dir='ltr'><strong>sama</strong></span> <span class='ocrx_word' id='word_1_96' title='bbox 679 1668 812 1727; x_wconf 90' lang='lat' dir='ltr'><strong>minores</strong></span> 
     </span>
     <span class='ocr_line' id='line_1_15' title="bbox 130 1760 814 1838; baseline 0.006 -18"><span class='ocrx_word' id='word_1_97' title='bbox 130 1762 250 1820; x_wconf 86' lang='lat' dir='ltr'><strong>Italiam</strong></span> <span class='ocrx_word' id='word_1_98' title='bbox 265 1760 372 1819; x_wconf 89' lang='lat' dir='ltr'><strong>dixisse</strong></span> <span class='ocrx_word' id='word_1_99' title='bbox 386 1760 471 1819; x_wconf 90' lang='lat' dir='ltr'><strong>ducis</strong></span> <span class='ocrx_word' id='word_1_100' title='bbox 486 1761 526 1819; x_wconf 90' lang='lat' dir='ltr'><strong>de</strong></span> <span class='ocrx_word' id='word_1_101' title='bbox 541 1763 661 1821; x_wconf 91' lang='lat' dir='ltr'><strong>nomine</strong></span> <span class='ocrx_word' id='word_1_102' title='bbox 676 1774 814 1838; x_wconf 88' lang='lat' dir='ltr'><strong>gentem:</strong></span> 
     </span>
     <span class='ocr_line' id='line_1_16' title="bbox 129 1859 927 1938; baseline 0.009 -21"><span class='ocrx_word' id='word_1_103' title='bbox 129 1860 187 1917; x_wconf 90' lang='lat' dir='ltr'><strong>hae</strong></span> <span class='ocrx_word' id='word_1_104' title='bbox 203 1859 289 1917; x_wconf 87' lang='lat' dir='ltr'><strong>nobis</strong></span> <span class='ocrx_word' id='word_1_105' title='bbox 303 1859 437 1934; x_wconf 87' lang='lat' dir='ltr'><strong>propriae</strong></span> <span class='ocrx_word' id='word_1_106' title='bbox 453 1859 560 1932; x_wconf 89' lang='lat' dir='ltr'><strong>sedes;</strong></span> <span class='ocrx_word' id='word_1_107' title='bbox 583 1860 653 1917; x_wconf 92' lang='lat' dir='ltr'><strong>hinc</strong></span> <span class='ocrx_word' id='word_1_108' title='bbox 668 1860 824 1921; x_wconf 86' lang='lat' dir='ltr'><strong>Dardanus</strong></span> <span class='ocrx_word' id='word_1_109' title='bbox 838 1873 927 1938; x_wconf 90' lang='lat' dir='ltr'><strong>ortus,</strong></span> 
     </span>
     <span class='ocr_line' id='line_1_17' title="bbox 130 1958 907 2033; baseline 0.005 -17"><span class='ocrx_word' id='word_1_110' title='bbox 130 1958 286 2031; x_wconf 90' lang='lat' dir='ltr'><strong>Iasiusque</strong></span> <span class='ocrx_word' id='word_1_111' title='bbox 301 1966 392 2032; x_wconf 90' lang='lat' dir='ltr'><strong>pater,</strong></span> <span class='ocrx_word' id='word_1_112' title='bbox 406 1974 499 2031; x_wconf 92' lang='lat' dir='ltr'><strong>genus</strong></span> <span class='ocrx_word' id='word_1_113' title='bbox 514 1975 606 2032; x_wconf 89' lang='lat' dir='ltr'><strong>aquo</strong></span> <span class='ocrx_word' id='word_1_114' title='bbox 620 1958 753 2033; x_wconf 88' lang='lat' dir='ltr'><strong>principe</strong></span> <span class='ocrx_word' id='word_1_115' title='bbox 766 1971 907 2020; x_wconf 89' lang='lat' dir='ltr'><strong>nostrum.</strong></span> 
     </span>
     <span class='ocr_line' id='line_1_18' title="bbox 129 2054 926 2132; baseline 0.005 -17"><span class='ocrx_word' id='word_1_116' title='bbox 129 2056 224 2131; x_wconf 86' lang='lat' dir='ltr'><strong>Surge</strong></span> <span class='ocrx_word' id='word_1_117' title='bbox 239 2072 302 2129; x_wconf 83' lang='lat' dir='ltr'><strong>age,</strong></span> <span class='ocrx_word' id='word_1_118' title='bbox 319 2054 436 2111; x_wconf 87' lang='lat' dir='ltr'><strong>ethaeo</strong></span> <span class='ocrx_word' id='word_1_119' title='bbox 451 2054 542 2113; x_wconf 90' lang='lat' dir='ltr'><strong>laetus</strong></span> <span class='ocrx_word' id='word_1_120' title='bbox 557 2054 701 2129; x_wconf 87' lang='lat' dir='ltr'><strong>longaevo</strong></span> <span class='ocrx_word' id='word_1_121' title='bbox 719 2055 799 2113; x_wconf 86' lang='lat' dir='ltr'><strong>dicta</strong></span> <span class='ocrx_word' id='word_1_122' title='bbox 813 2061 926 2132; x_wconf 88' lang='lat' dir='ltr'><strong>parenti</strong></span> 
     </span>
     <span class='ocr_line' id='line_1_19' title="bbox 128 2150 984 2232; baseline 0.007 -21"><span class='ocrx_word' id='word_1_123' title='bbox 128 2152 214 2211; x_wconf 88' lang='lat' dir='ltr'><strong>haud</strong></span> <span class='ocrx_word' id='word_1_124' title='bbox 229 2150 394 2210; x_wconf 87' lang='lat' dir='ltr'><strong>dubitanda</strong></span> <span class='ocrx_word' id='word_1_125' title='bbox 405 2151 497 2209; x_wconf 82' lang='lat' dir='ltr'><strong>refer:</strong></span> <span class='ocrx_word' id='word_1_126' title='bbox 521 2151 682 2226; x_wconf 89' lang='lat' dir='ltr'><strong>Corythum</strong></span> <span class='ocrx_word' id='word_1_127' title='bbox 696 2162 844 2229; x_wconf 82' lang='lat' dir='ltr'><strong>terrasque</strong></span> <span class='ocrx_word' id='word_1_128' title='bbox 858 2160 984 2232; x_wconf 91' lang='lat' dir='ltr'><strong>requirat</strong></span> 
     </span>
     <span class='ocr_line' id='line_1_20' title="bbox 100 2248 861 2335; baseline 0.003 -28"><span class='ocrx_word' id='word_1_129' title='bbox 100 2250 297 2335; x_wconf 37' lang='lat' dir='ltr'><strong>‘Aesonim</strong></span> <span class='ocrx_word' id='word_1_130' title='bbox 320 2250 446 2307; x_wconf 87' lang='lat' dir='ltr'><strong>Dictaea</strong></span> <span class='ocrx_word' id='word_1_131' title='bbox 459 2258 546 2323; x_wconf 90' lang='lat' dir='ltr'><strong>negat</strong></span> <span class='ocrx_word' id='word_1_132' title='bbox 561 2248 613 2307; x_wconf 91' lang='lat' dir='ltr'><strong>tibi</strong></span> <span class='ocrx_word' id='word_1_133' title='bbox 628 2250 762 2324; x_wconf 89' lang='lat' dir='ltr'><strong>Iuppiter</strong></span> <span class='ocrx_word' id='word_1_134' title='bbox 774 2255 861 2310; x_wconf 66' lang='lat' dir='ltr'><strong>arva!</strong></span> 
     </span>
     <span class='ocr_line' id='line_1_21' title="bbox 172 2345 849 2406; baseline 0 0"><span class='ocrx_word' id='word_1_135' title='bbox 172 2348 293 2406; x_wconf 86' lang='lat' dir='ltr'><strong>Talibus</strong></span> <span class='ocrx_word' id='word_1_136' title='bbox 307 2347 446 2405; x_wconf 88' lang='lat' dir='ltr'><strong>attonitus</strong></span> <span class='ocrx_word' id='word_1_137' title='bbox 461 2347 528 2405; x_wconf 90' lang='lat' dir='ltr'><strong>visis</strong></span> <span class='ocrx_word' id='word_1_138' title='bbox 542 2355 573 2403; x_wconf 90' lang='lat' dir='ltr'><strong>et</strong></span> <span class='ocrx_word' id='word_1_139' title='bbox 585 2364 659 2404; x_wconf 89' lang='lat' dir='ltr'><strong>voce</strong></span> <span class='ocrx_word' id='word_1_140' title='bbox 674 2345 798 2406; x_wconf 90' lang='lat' dir='ltr'><strong>deorum</strong></span> <span class='ocrx_word' id='word_1_141' title='bbox 808 2381 849 2391; x_wconf 89' lang='lat'>-</span> 
     </span>
     <span class='ocr_line' id='line_1_22' title="bbox 127 2444 952 2521; baseline 0.002 -16"><span class='ocrx_word' id='word_1_142' title='bbox 127 2464 191 2505; x_wconf 88' lang='lat' dir='ltr'><strong>nec</strong></span> <span class='ocrx_word' id='word_1_143' title='bbox 205 2463 296 2521; x_wconf 88' lang='lat' dir='ltr'><strong>sopor</strong></span> <span class='ocrx_word' id='word_1_144' title='bbox 308 2444 379 2503; x_wconf 93' lang='lat' dir='ltr'><strong>illud</strong></span> <span class='ocrx_word' id='word_1_145' title='bbox 394 2454 463 2516; x_wconf 85' lang='lat' dir='ltr'><strong>erat,</strong></span> <span class='ocrx_word' id='word_1_146' title='bbox 479 2444 532 2503; x_wconf 90' lang='lat' dir='ltr'><strong>sed</strong></span> <span class='ocrx_word' id='word_1_147' title='bbox 547 2462 647 2502; x_wconf 88' lang='lat' dir='ltr'><strong>coram</strong></span> <span class='ocrx_word' id='word_1_148' title='bbox 661 2444 843 2519; x_wconf 83' lang='lat' dir='ltr'><strong>adgnoscere</strong></span> <span class='ocrx_word' id='word_1_149' title='bbox 857 2448 952 2507; x_wconf 90' lang='lat' dir='ltr'><strong>voltus</strong></span> 
     </span>
     <span class='ocr_line' id='line_1_23' title="bbox 128 2542 870 2619; baseline -0.001 -17"><span class='ocrx_word' id='word_1_150' title='bbox 128 2545 300 2619; x_wconf 86' lang='lat' dir='ltr'><strong>velatasque</strong></span> <span class='ocrx_word' id='word_1_151' title='bbox 315 2560 415 2601; x_wconf 86' lang='lat' dir='ltr'><strong>comas</strong></span> <span class='ocrx_word' id='word_1_152' title='bbox 429 2542 651 2617; x_wconf 86' lang='lat' dir='ltr'><strong>praesentiaque</strong></span> <span class='ocrx_word' id='word_1_153' title='bbox 665 2559 718 2600; x_wconf 87' lang='lat' dir='ltr'><strong>ora</strong></span> <span class='ocrx_word' id='word_1_154' title='bbox 730 2542 870 2617; x_wconf 83' lang='lat' dir='ltr'><strong>videbar3</strong></span> 
     </span>
     <span class='ocr_line' id='line_1_24' title="bbox 127 2639 845 2717; baseline -0.006 -17"><span class='ocrx_word' id='word_1_155' title='bbox 127 2652 196 2701; x_wconf 89' lang='lat' dir='ltr'><strong>turn</strong></span> <span class='ocrx_word' id='word_1_156' title='bbox 210 2640 324 2717; x_wconf 87' lang='lat' dir='ltr'><strong>gelidus</strong></span> <span class='ocrx_word' id='word_1_157' title='bbox 338 2650 401 2699; x_wconf 89' lang='lat' dir='ltr'><strong>toto</strong></span> <span class='ocrx_word' id='word_1_158' title='bbox 415 2641 552 2698; x_wconf 83' lang='lat' dir='ltr'><strong>manabat</strong></span> <span class='ocrx_word' id='word_1_159' title='bbox 567 2656 690 2713; x_wconf 89' lang='lat' dir='ltr'><strong>corpore</strong></span> <span class='ocrx_word' id='word_1_160' title='bbox 705 2639 845 2697; x_wconf 87' lang='lat' dir='ltr'><strong>sudor-</strong></span> 
     </span>
     <span class='ocr_line' id='line_1_25' title="bbox 128 2736 830 2815; baseline -0.004 -18"><span class='ocrx_word' id='word_1_161' title='bbox 128 2739 260 2815; x_wconf 90' lang='lat' dir='ltr'><strong>corripio</strong></span> <span class='ocrx_word' id='word_1_162' title='bbox 274 2756 291 2797; x_wconf 93' lang='lat' dir='ltr'><strong>e</strong></span> <span class='ocrx_word' id='word_1_163' title='bbox 305 2739 399 2796; x_wconf 88' lang='lat' dir='ltr'><strong>stratis</strong></span> <span class='ocrx_word' id='word_1_164' title='bbox 414 2756 529 2814; x_wconf 91' lang='lat' dir='ltr'><strong>corpus,</strong></span> <span class='ocrx_word' id='word_1_165' title='bbox 547 2736 698 2811; x_wconf 90' lang='lat' dir='ltr'><strong>tendoque</strong></span> <span class='ocrx_word' id='word_1_166' title='bbox 713 2738 830 2812; x_wconf 86' lang='lat' dir='ltr'><strong>supinas</strong></span> 
     </span>
     <span class='ocr_line' id='line_1_26' title="bbox 129 2836 855 2907; baseline -0.003 -12"><span class='ocrx_word' id='word_1_167' title='bbox 129 2836 171 2895; x_wconf 86' lang='lat' dir='ltr'><strong>ad</strong></span> <span class='ocrx_word' id='word_1_168' title='bbox 186 2838 302 2895; x_wconf 87' lang='lat' dir='ltr'><strong>caelum</strong></span> <span class='ocrx_word' id='word_1_169' title='bbox 316 2856 385 2895; x_wconf 92' lang='lat' dir='ltr'><strong>cum</strong></span> <span class='ocrx_word' id='word_1_170' title='bbox 398 2856 472 2896; x_wconf 91' lang='lat' dir='ltr'><strong>voce</strong></span> <span class='ocrx_word' id='word_1_171' title='bbox 487 2856 599 2907; x_wconf 87' lang='lat' dir='ltr'><strong>manus,</strong></span> <span class='ocrx_word' id='word_1_172' title='bbox 617 2845 646 2895; x_wconf 87' lang='lat' dir='ltr'><strong>et</strong></span> <span class='ocrx_word' id='word_1_173' title='bbox 660 2852 781 2892; x_wconf 91' lang='lat' dir='ltr'><strong>munera</strong></span> <span class='ocrx_word' id='word_1_174' title='bbox 795 2836 855 2893; x_wconf 93' lang='lat' dir='ltr'><strong>libo</strong></span> 
     </span>
     <span class='ocr_line' id='line_1_27' title="bbox 129 2932 814 2994; baseline -0.003 -1"><span class='ocrx_word' id='word_1_175' title='bbox 129 2937 305 2993; x_wconf 87' lang='lat' dir='ltr'><strong>intemerata</strong></span> <span class='ocrx_word' id='word_1_176' title='bbox 319 2936 401 2993; x_wconf 89' lang='lat' dir='ltr'><strong>focis.</strong></span> <span class='ocrx_word' id='word_1_177' title='bbox 444 2936 579 2994; x_wconf 77' lang='lat' dir='ltr'><strong>Perfecto</strong></span> <span class='ocrx_word' id='word_1_178' title='bbox 595 2935 688 2992; x_wconf 92' lang='lat' dir='ltr'><strong>laetus</strong></span> <span class='ocrx_word' id='word_1_179' title='bbox 702 2932 814 2991; x_wconf 90' lang='lat' dir='ltr'><strong>honore</strong></span> 
     </span>
     <span class='ocr_line' id='line_1_28' title="bbox 128 3030 891 3107; baseline 0 -16"><span class='ocrx_word' id='word_1_180' title='bbox 128 3032 283 3091; x_wconf 89' lang='lat' dir='ltr'><strong>Anchisen</strong></span> <span class='ocrx_word' id='word_1_181' title='bbox 298 3032 374 3090; x_wconf 90' lang='lat' dir='ltr'><strong>facio</strong></span> <span class='ocrx_word' id='word_1_182' title='bbox 389 3042 510 3102; x_wconf 91' lang='lat' dir='ltr'><strong>certum,</strong></span> <span class='ocrx_word' id='word_1_183' title='bbox 525 3050 647 3107; x_wconf 90' lang='lat' dir='ltr'><strong>remque</strong></span> <span class='ocrx_word' id='word_1_184' title='bbox 663 3030 766 3088; x_wconf 91' lang='lat' dir='ltr'><strong>ordine</strong></span> <span class='ocrx_word' id='word_1_185' title='bbox 781 3030 891 3105; x_wconf 90' lang='lat' dir='ltr'><strong>pando.</strong></span> 
     </span>
     <span class='ocr_line' id='line_1_29' title="bbox 129 3128 957 3205; baseline 0 -17"><span class='ocrx_word' id='word_1_186' title='bbox 129 3129 282 3204; x_wconf 90' lang='lat' dir='ltr'><strong>Adgnovit</strong></span> <span class='ocrx_word' id='word_1_187' title='bbox 295 3130 409 3204; x_wconf 89' lang='lat' dir='ltr'><strong>prolem</strong></span> <span class='ocrx_word' id='word_1_188' title='bbox 423 3130 589 3205; x_wconf 88' lang='lat' dir='ltr'><strong>ambiguam</strong></span> <span class='ocrx_word' id='word_1_189' title='bbox 605 3128 797 3204; x_wconf 84' lang='lat' dir='ltr'><strong>geminosque</strong></span> <span class='ocrx_word' id='word_1_190' title='bbox 812 3140 957 3204; x_wconf 88' lang='lat' dir='ltr'><strong>parentes,</strong></span> 
     </span>
     <span class='ocr_line' id='line_1_30' title="bbox 130 3226 905 3301; baseline 0 -16"><span class='ocrx_word' id='word_1_191' title='bbox 130 3244 224 3301; x_wconf 91' lang='lat' dir='ltr'><strong>seque</strong></span> <span class='ocrx_word' id='word_1_192' title='bbox 239 3244 317 3285; x_wconf 90' lang='lat' dir='ltr'><strong>novo</strong></span> <span class='ocrx_word' id='word_1_193' title='bbox 331 3235 462 3285; x_wconf 89' lang='lat' dir='ltr'><strong>veterum</strong></span> <span class='ocrx_word' id='word_1_194' title='bbox 476 3226 636 3301; x_wconf 90' lang='lat' dir='ltr'><strong>deceptum</strong></span> <span class='ocrx_word' id='word_1_195' title='bbox 651 3244 747 3284; x_wconf 89' lang='lat' dir='ltr'><strong>enore</strong></span> <span class='ocrx_word' id='word_1_196' title='bbox 762 3227 905 3285; x_wconf 90' lang='lat' dir='ltr'><strong>locorum.</strong></span> 
     </span>
     <span class='ocr_line' id='line_1_31' title="bbox 129 3323 860 3396; baseline 0 -14"><span class='ocrx_word' id='word_1_197' title='bbox 129 3326 209 3383; x_wconf 90' lang='lat' dir='ltr'><strong>Tum</strong></span> <span class='ocrx_word' id='word_1_198' title='bbox 224 3332 386 3381; x_wconf 90' lang='lat' dir='ltr'><strong>memorat:</strong></span> <span class='ocrx_word' id='word_1_199' title='bbox 409 3325 515 3394; x_wconf 88' lang='lat' dir='ltr'><strong>‘Nate,</strong></span> <span class='ocrx_word' id='word_1_200' title='bbox 532 3323 629 3381; x_wconf 88' lang='lat' dir='ltr'><strong>Iliacis</strong></span> <span class='ocrx_word' id='word_1_201' title='bbox 644 3324 771 3381; x_wconf 88' lang='lat' dir='ltr'><strong>exercite</strong></span> <span class='ocrx_word' id='word_1_202' title='bbox 786 3324 860 3396; x_wconf 87' lang='lat' dir='ltr'><strong>latis,</strong></span> 
     </span>
     <span class='ocr_line' id='line_1_32' title="bbox 131 3419 786 3480; baseline -0.002 0"><span class='ocrx_word' id='word_1_203' title='bbox 131 3422 195 3480; x_wconf 87' lang='lat' dir='ltr'><strong>sola</strong></span> <span class='ocrx_word' id='word_1_204' title='bbox 209 3420 281 3479; x_wconf 89' lang='lat' dir='ltr'><strong>mihi</strong></span> <span class='ocrx_word' id='word_1_205' title='bbox 295 3421 359 3478; x_wconf 86' lang='lat' dir='ltr'><strong>talis</strong></span> <span class='ocrx_word' id='word_1_206' title='bbox 373 3439 458 3479; x_wconf 85' lang='lat' dir='ltr'><strong>casus</strong></span> <span class='ocrx_word' id='word_1_207' title='bbox 473 3419 637 3479; x_wconf 87' lang='lat' dir='ltr'><strong>Cassandra</strong></span> <span class='ocrx_word' id='word_1_208' title='bbox 652 3421 786 3480; x_wconf 87' lang='lat' dir='ltr'><strong>canebat.</strong></span> 
     </span>
     <span class='ocr_line' id='line_1_33' title="bbox 132 3516 972 3594; baseline 0.001 -17"><span class='ocrx_word' id='word_1_209' title='bbox 132 3519 223 3577; x_wconf 89' lang='lat' dir='ltr'><strong>Nunc</strong></span> <span class='ocrx_word' id='word_1_210' title='bbox 237 3527 340 3593; x_wconf 89' lang='lat' dir='ltr'><strong>repeto</strong></span> <span class='ocrx_word' id='word_1_211' title='bbox 354 3518 429 3577; x_wconf 89' lang='lat' dir='ltr'><strong>haec</strong></span> <span class='ocrx_word' id='word_1_212' title='bbox 442 3519 542 3594; x_wconf 88' lang='lat' dir='ltr'><strong>generi</strong></span> <span class='ocrx_word' id='word_1_213' title='bbox 556 3516 733 3593; x_wconf 89' lang='lat' dir='ltr'><strong>portendere</strong></span> <span class='ocrx_word' id='word_1_214' title='bbox 748 3517 849 3576; x_wconf 88' lang='lat' dir='ltr'><strong>debita</strong></span> <span class='ocrx_word' id='word_1_215' title='bbox 862 3528 972 3592; x_wconf 87' lang='lat' dir='ltr'><strong>nostro,</strong></span> 
     </span>
     <span class='ocr_line' id='line_1_34' title="bbox 132 3596 894 3691; baseline -0.001 -17"><span class='ocrx_word' id='word_1_216' title='bbox 132 3625 162 3674; x_wconf 91' lang='lat' dir='ltr'><strong>et</strong></span> <span class='ocrx_word' id='word_1_217' title='bbox 176 3596 468 3691; x_wconf 65' lang='lat' dir='ltr'><strong>saepe‘Hesperiam</strong></span> <span class='ocrx_word' id='word_1_218' title='bbox 484 3631 572 3689; x_wconf 90' lang='lat' dir='ltr'><strong>saepe</strong></span> <span class='ocrx_word' id='word_1_219' title='bbox 588 3614 661 3672; x_wconf 87' lang='lat' dir='ltr'><strong>Itala</strong></span> <span class='ocrx_word' id='word_1_220' title='bbox 675 3632 765 3689; x_wconf 87' lang='lat' dir='ltr'><strong>regna</strong></span> <span class='ocrx_word' id='word_1_221' title='bbox 779 3633 894 3673; x_wconf 88' lang='lat' dir='ltr'><strong>vocare.</strong></span> 
     </span>
     <span class='ocr_line' id='line_1_35' title="bbox 132 3709 898 3786; baseline -0.004 -15"><span class='ocrx_word' id='word_1_222' title='bbox 132 3712 191 3771; x_wconf 88' lang='lat' dir='ltr'><strong>Sed</strong></span> <span class='ocrx_word' id='word_1_223' title='bbox 206 3712 271 3786; x_wconf 90' lang='lat' dir='ltr'><strong>quis</strong></span> <span class='ocrx_word' id='word_1_224' title='bbox 287 3709 325 3768; x_wconf 89' lang='lat' dir='ltr'><strong>ad</strong></span> <span class='ocrx_word' id='word_1_225' title='bbox 340 3712 503 3786; x_wconf 88' lang='lat' dir='ltr'><strong>Hesperiae</strong></span> <span class='ocrx_word' id='word_1_226' title='bbox 517 3720 654 3770; x_wconf 87' lang='lat' dir='ltr'><strong>venturos</strong></span> <span class='ocrx_word' id='word_1_227' title='bbox 670 3710 753 3768; x_wconf 89' lang='lat' dir='ltr'><strong>litora</strong></span> <span class='ocrx_word' id='word_1_228' title='bbox 767 3712 898 3769; x_wconf 87' lang='lat' dir='ltr'><strong>Teucros</strong></span> 
     </span>
     <span class='ocr_line' id='line_1_36' title="bbox 133 3806 961 3881; baseline 0.001 -16"><span class='ocrx_word' id='word_1_229' title='bbox 133 3806 275 3879; x_wconf 89' lang='lat' dir='ltr'><strong>crederet,</strong></span> <span class='ocrx_word' id='word_1_230' title='bbox 291 3816 340 3865; x_wconf 86' lang='lat' dir='ltr'><strong>aut</strong></span> <span class='ocrx_word' id='word_1_231' title='bbox 354 3824 443 3881; x_wconf 90' lang='lat' dir='ltr'><strong>quem</strong></span> <span class='ocrx_word' id='word_1_232' title='bbox 457 3815 520 3865; x_wconf 91' lang='lat' dir='ltr'><strong>tum</strong></span> <span class='ocrx_word' id='word_1_233' title='bbox 533 3816 613 3865; x_wconf 87' lang='lat' dir='ltr'><strong>vates</strong></span> <span class='ocrx_word' id='word_1_234' title='bbox 629 3806 795 3865; x_wconf 85' lang='lat' dir='ltr'><strong>Cassandra</strong></span> <span class='ocrx_word' id='word_1_235' title='bbox 809 3809 961 3866; x_wconf 85' lang='lat' dir='ltr'><strong>moveret?</strong></span> 
     </span>
    </p>
   </div>
   <div class='ocr_carea' id='block_1_3' title="bbox 0 0 1425 4292">
    <p class='ocr_par' dir='ltr' id='par_1_3' title="bbox 0 0 1425 4292">
     <span class='ocr_line' id='line_1_37' title="bbox 0 0 1425 4292; baseline 0 0"><span class='ocrx_word' id='word_1_236' title='bbox 0 0 1425 4292; x_wconf 95' lang='lat' dir='ltr'><strong> </strong></span> 
     </span>
    </p>
   </div>
  </div>
 </body>
</html>
