2834 4292
160 317 208 365 VI.
222 313 290 379 7⁶9]
353 304 515 401 Auclzzkes
531 298 726 366 Discourses
741 300 783 381 of
791 298 846 360 tlte
860 293 990 359 Divina
1003 294 1090 376 Life.
1157 305 1216 371 177

161 509 224 548 nou
240 499 340 548 tamen
353 507 441 547 omne
457 488 566 545 malum
580 485 691 543 miseris
707 502 763 541 nec
777 480 908 541 funditus
922 496 1026 537 omnes

141 650 144 658 ,
162 604 325 662 corporeae
339 584 487 644 excedunt
501 593 608 660 pesteS,
623 582 739 665 penitus
754 597 811 665 que
826 594 946 635 necesse
961 584 1006 634 est

73 664 116 765 ‚L
135 669 141 704 ⁴
161 684 255 745 multa
259 650 319 837 jin
334 692 473 740 concreta
487 681 583 739 modis
598 680 758 737 inolescere
772 676 861 733 miris.

162 768 244 855 Ergo
277 789 433 839 xercentur
445 779 559 853 poenis,
574 788 764 848 veterumque
779 773 921 830 malorum

161 878 308 953 supplicia
322 875 510 953 expendunt:
533 875 605 931 aliae
620 872 790 949 panduntur
803 871 904 926 inanes

161 992 323 1049 suspensae
337 973 375 1031 ad
390 984 512 1043 ventos;
534 972 595 1029 aliis
609 971 664 1028 sub
678 970 791 1044 gurgite
805 976 887 1024 vasto

160 1073 303 1129 infectum
317 1071 421 1129 eluitur
434 1069 537 1138 scelus,
554 1078 603 1125 aut
617 1067 745 1124 exuritur
757 1063 836 1139 igni,

160 1159 286 1243 quisque
301 1186 368 1227 suos
383 1168 508 1242 patimur
524 1166 648 1235 Manes;
670 1161 777 1220 exinde
791 1178 845 1235 per
857 1158 987 1233 amplum

159 1266 302 1323 mittimur
317 1266 456 1340 Elysium,
472 1272 502 1320 et
515 1262 603 1337 pauci
617 1261 692 1317 laeta
705 1276 773 1316 arva
786 1267 941 1328 tenemus,

160 1362 259 1420 donec
273 1363 360 1437 longa
374 1361 446 1432 dies,
462 1360 592 1435 perfecto
607 1356 747 1431 temporis
762 1354 843 1424 orbe,

149 1469 330 1517 concretam
345 1459 453 1515 exemit
467 1458 573 1526 labem,
589 1470 755 1529 purumque
769 1451 906 1525 relinquit

158 1557 321 1614 aetherium
335 1574 454 1613 sensum
469 1564 556 1628 atque
570 1554 649 1610 aurai
665 1549 804 1623 simplicis
820 1548 929 1628 ignem.

158 1656 225 1711 Has
240 1672 352 1723 omnes,
368 1653 418 1710 ubi
433 1652 509 1709 mille
523 1660 617 1707 rotam
632 1648 747 1705 volvere
761 1663 815 1720 per
828 1662 931 1713 annos,

158 1751 322 1809 Lethaeum
337 1749 375 1806 ad
390 1750 508 1806 fluvium
522 1747 595 1805 deus
610 1754 715 1803 evocat
728 1742 844 1818 agmine
859 1758 977 1816 magno,

157 1848 272 1904 scilicet
287 1848 474 1903 immemores
488 1862 593 1919 supera
606 1854 638 1902 ut
652 1860 785 1901 convexa
798 1844 933 1914 revisant,

156 1962 255 2001 rursus
270 1953 300 2001 et
314 1944 454 2017 incipiant
475 1942 506 1999 in
521 1960 646 2018 corpora
659 1945 733 2002 velle
749 1945 876 2002 reverti!

194 2042 320 2098 'Dixerat
335 2040 486 2110 Anchises,
502 2049 661 2113 natumque
677 2057 794 2114 unaque
810 2040 948 2115 Sibyllam

158 2148 321 2195 conventus
336 2137 421 2195 trahit
435 2137 466 2193 in
480 2135 595 2194 medios
609 2136 783 2211 turbamque
799 2147 963 2207 sonantem,

157 2246 187 2291 et
202 2235 344 2292 tumulum
361 2234 447 2309 capi-t,
462 2233 542 2291 unde
557 2251 661 2293 omnes
675 2235 765 2309 longo
780 2233 883 2292 ordine
897 2233 990 2309 possit

156 2330 296 2389 adversos
310 2331 415 2408 legere,
432 2341 461 2389 et
475 2332 643 2389 venientum
660 2330 773 2389 discere
790 2330 894 2388 vultus.
912 2384 915 2388 J

198 2430 306 2487 ‘Nunc
320 2446 383 2504 age,
399 2428 580 2486 Dardaniam
595 2429 709 2505 prolem
723 2446 800 2503 quae
815 2426 924 2485 deinde
939 2434 1078 2501 sequatur

155 2526 255 2601 gloria,
271 2526 321 2600 qui
335 2536 472 2585 maneant
487 2527 561 2584 Itala
578 2526 616 2585 de
631 2536 720 2601 gente
734 2534 867 2600 nepotes,

155 2624 280 2681 inlustris
295 2625 407 2682 animas
423 2634 613 2699 nostrumque
628 2624 658 2681 in
673 2641 782 2681 nomen
796 2622 893 2693 ituras,

156 2719 314 2796 expediam
330 2721 424 2791 dietis,
440 2730 469 2779 et
485 2731 514 2779 te
528 2731 579 2777 tua
592 2721 651 2777 sata
666 2719 793 2778 docebo.

157 2820 219 2891 Ille,
233 2818 327 2888 vides
340 2836 412 2893 pura
428 2819 538 2877 iuvenis
553 2816 603 2893 qui
620 2818 720 2875 nititur
733 2818 825 2887 hasta,

155 2932 299 2991 proxuma
312 2925 390 2973 sorte
405 2925 485 2974 tenet
500 2915 571 2973 lucis
586 2915 661 2985 loca,
676 2915 787 2989 primus
801 2913 840 2970 ad
854 2932 937 2972 auras

156 3014 299 3072 aetherias
314 3014 389 3072 Italo
404 3014 580 3071 commixtus
594 3013 734 3088 sanguine
749 3022 855 3087 surget,

156 3111 269 3182 Silvius,
283 3111 429 3170 Albanum
444 3128 563 3181 nomen,
578 3120 628 3167 tua
641 3120 778 3184 postuma
791 3109 897 3185 proles,

154 3226 244 3283 quem
259 3208 311 3267 tibi
325 3210 469 3285 longaevo
484 3226 580 3266 serum
596 3208 715 3265 Lavinia
730 3207 859 3264 coniunx

155 3305 263 3363 educet
277 3306 353 3363 silvis
368 3324 465 3381 regem
481 3322 641 3380 regumque
657 3312 819 3379 parentem,

154 3402 234 3460 unde
249 3420 341 3477 genus
358 3402 460 3477 Longa
474 3410 605 3461 nostrum
620 3399 818 3459 dominabitur
831 3399 913 3459 Alba

195 3500 375 3558 ‘Proxumus
390 3499 436 3557 ille
453 3500 568 3569 Procas,
582 3498 727 3556 Troianae
742 3497 833 3572 gloria
845 3496 950 3571 gentis,

153 3606 183 3653 et
198 3596 305 3671 Capys,
321 3605 351 3653 et
365 3596 510 3666 Numitor,
525 3603 556 3652 et
569 3594 620 3669 qui
632 3603 662 3653 te
677 3593 798 3653 nomine
811 3592 918 3653 reddet

92 3696 94 3701 ’
110 3723 114 3731 -
152 3693 253 3750 Silvius
269 3696 394 3763 Aeneas,
409 3692 517 3767 pariter
530 3692 638 3766 pietate
653 3692 700 3750 vel
714 3692 800 3749 armis

529 3820 560 3854 744
571 3822 620 3865 and
631 3820 664 3853 ⁷⁴⁴
675 3820 734 3865 aster
742 3820 783 3866 ⁷⁴⁷.
800 3822 828 3865 R.
