2834 4292
210 288 221 334 r
229 284 268 351 52
646 292 676 340 v.
704 274 817 358 Sicily.

204 454 229 513 si
242 472 384 514 concessa
397 464 477 532 peto,
493 456 516 515 si
531 457 603 517 dant
616 476 652 518 ea
665 461 783 518 moenia
797 463 925 521 Parcae!

243 553 323 611 Tum
337 554 485 612 Saturnius
500 554 573 614 haec
588 555 717 615 domitor
729 559 815 616 maris
830 558 922 617 edidit
935 560 1004 619 alti:

205 650 279 707 ‘Fas
294 667 383 707 omne
397 660 450 721 est,
466 652 619 727 Cytherea,
634 654 707 712 meis
721 662 750 712 te
765 654 855 713 fidere
868 657 973 731 regnis,

205 746 285 806 unde
299 764 391 821 genus
405 746 508 806 ducis:
531 751 623 808 merui
639 768 778 826 quoque;
799 770 888 827 saepe
902 754 1013 812 furores

206 845 375 919 compressi,
390 856 419 902 et
433 845 544 904 rabiem
558 856 668 906 tantam
684 848 816 924 caelique
830 851 984 925 marisque.

206 941 272 999 Ne'c
287 941 381 999 minor
395 942 425 999 in
439 942 528 1013 terris,
543 944 692 1001 Xanthum
707 946 915 1021 Simointaque
928 958 1029 1020 testor,

204 1038 323 1096 Aeneae
338 1038 408 1095 mihi
423 1056 494 1097 cura
508 1040 558 1097 tui.
600 1040 677 1099 Cum
690 1042 779 1099 Troia
792 1044 919 1103 Achilles

205 1134 370 1191 exanimata
384 1152 509 1209 sequens
524 1137 696 1213 impingeret
713 1140 828 1213 agmina
842 1143 939 1213 muris,

204 1230 285 1288 milia
298 1231 388 1289 multa
402 1231 484 1290 daret
498 1234 565 1303 leta,
580 1245 789 1310 gemerentque
803 1239 906 1312 repleti

205 1345 315 1400 amnes,
330 1345 386 1385 nec
400 1330 526 1405 reperire
540 1330 617 1388 viam
631 1342 719 1406 atque
733 1335 866 1393 evolvere
881 1345 980 1410 posset

205 1425 235 1483 in
250 1426 329 1482 mare
344 1443 375 1483 se
390 1426 532 1498 Xanthus,
550 1428 666 1486 Pelidae
680 1439 752 1488 tuuc
766 1448 822 1506 ego
836 1432 902 1489 lorti

205 1534 394 1597 congressum
408 1525 530 1582 Aenean
545 1542 601 1582 nec
615 1525 660 1584 dis
675 1544 732 1585 nec
746 1528 852 1613 viribus
866 1530 966 1604 aequis

204 1624 282 1683 nube
298 1642 370 1681 cava
382 1624 474 1699 rapui,
488 1643 627 1701 cuperem
643 1644 712 1685 cum
725 1639 836 1687 vertere
850 1630 888 1688 ab
901 1630 962 1688 imo

205 1732 313 1781 structa
327 1722 399 1780 meis
414 1723 548 1781 manibus
563 1725 693 1799 periurae
708 1727 826 1783 moenia
839 1728 953 1785 Troiae.

173 1822 176 1829 '
206 1821 295 1878 Nunc
309 1837 427 1895 quoque
443 1838 526 1879 mens
542 1820 647 1879 eadem
662 1834 770 1896 perstat
783 1823 873 1880 mihi:
895 1824 971 1898 pelle
983 1824 1115 1886 timores.

203 1919 307 1990 Tutus,
322 1936 396 1993 quos
410 1927 504 1992 optas,
520 1928 620 1993 portus
634 1917 759 1977 accedet
772 1920 888 1977 Averni.

204 2016 289 2076 Unus
303 2016 357 2073 erit
370 2024 492 2085 tantum,
507 2016 645 2073 amissum
660 2034 749 2090 quem
762 2018 874 2091 gurgite
889 2035 1029 2092 quaeres;

204 2133 296 2173 unum
311 2132 364 2189 pro
378 2113 474 2171 multis
490 2112 605 2172 dabitur
618 2115 728 2189 caput!

245 2213 302 2270 His
316 2212 367 2270 ubi
380 2211 456 2269 laeta
468 2210 544 2269 deae
559 2212 709 2286 permulsit
723 2221 844 2286 pectora
857 2212 952 2283 dictis,

204 2311 295 2386 iungit
310 2328 403 2385 equos
417 2327 488 2367 auro
504 2309 637 2380 Genitor,
652 2310 875 2384 spumantiaque
890 2310 973 2369 addit
1062 2334 1069 2343 ’

203 2409 287 2465 frena
301 2407 377 2479 feris,
392 2406 585 2481 manibusque
600 2423 702 2463 omnes
717 2406 841 2464 effundit
854 2406 991 2466 habenas.

203 2505 347 2565 Caemleo
361 2523 415 2580 per
427 2522 542 2562 summa
556 2504 625 2561 levis
639 2503 717 2561 volat
730 2520 858 2578 aequora
872 2522 974 2572 curru;

203 2602 358 2662 subsidunt
371 2602 478 2674 undae,
494 2600 699 2675 tumidumque
714 2600 769 2659 sub
782 2619 836 2659 axe
850 2602 963 2659 tonanti

203 2701 338 2759 sternitur
351 2717 463 2775 aequor
476 2699 558 2774 aquis
570 2719 578 2770 3
601 2698 714 2773 fugiunt
728 2706 809 2754 vasto
823 2697 941 2755 aethere
954 2697 1056 2757 nimbi.

202 2799 281 2856 Tum
294 2797 389 2854 variae
405 2796 546 2854 comitum
562 2795 660 2866 facies,
677 2794 816 2852 immania
829 2803 904 2865 cete,

202 2905 232 2954 et
247 2896 345 2953 senior
358 2894 463 2952 Glauci
478 2892 592 2962 chorus,
610 2894 759 2966 Inousque
775 2891 940 2963 Palaemon,

201 2993 395 3065 Tritonesque
411 2989 469 3060 citi,
485 2988 650 3063 Phorcique
665 2989 809 3046 exercitus
823 2989 938 3061 omuis;

201 3090 283 3147 laeva
297 3097 399 3145 tenent
412 3086 523 3157 Thetis,
539 3095 568 3142 et
583 3086 694 3156 Melite,
711 3088 909 3160 Panopeaque
921 3085 1013 3163 virgo,

203 3186 320 3255 Nisaee,
335 3183 474 3258 Spioque,
488 3182 658 3256 Thaliaque,
675 3182 918 3257 Cymodoceque.

243 3282 304 3339 Hic
319 3281 409 3355 patris
423 3283 541 3338 Aeneae
556 3296 728 3353 suspensam
742 3278 851 3336 blanda
863 3280 989 3337 vicissim

201 3377 308 3455 gaudia
322 3386 520 3451 pertemptant
534 3385 682 3433 mentem:
705 3374 786 3432 iubet
800 3376 882 3434 ocius
896 3394 1000 3436 omnes

201 3474 293 3533 attolli
306 3473 408 3545 malos,
423 3472 537 3532 intendi
551 3472 671 3531 brachia
684 3471 764 3529 velis.

201 3572 270 3632 Una
284 3588 388 3629 omnes
402 3570 499 3627 fecere
514 3569 633 3644 pedem,
648 3568 815 3642 pariterque
829 3568 967 3640 sinistros,

201 3685 280 3727 nunc
294 3666 413 3727 dextros
427 3666 537 3724 solvere
552 3666 651 3736 sinus;
672 3682 734 3723 una
744 3663 837 3723 ardua
850 3675 987 3740 torquent

402 3793 436 3829 ⁸1²
445 3794 559 3839 timorem.
575 3792 607 3837 H.
819 3790 964 3849 mquam.
979 3793 1049 3852 Vulg⁴

1137 289 1259 354 [AEuaro.
