2834 4292
1331 14 1366 309 l

244 285 305 349 126
488 307 532 354 ιν.
557 289 743 373 Dcpartu're
755 293 850 375 from
870 293 1040 380 Carthage.
1171 308 1289 374 [AEurrn.

239 471 318 531 tecta
332 473 478 548 fremunt;
499 487 615 535 resonat
629 479 742 553 magnis
756 479 942 555 plangoribus
957 482 1065 555 aether,

240 590 301 629 non
316 572 405 643 aliter,
421 590 510 647 quam
525 574 549 631 si
563 574 698 633 immissis
712 587 776 633 ruat
790 577 921 637 hostibus
934 580 1029 637 omnis

241 673 391 746 Karthago
406 682 456 728 aut
471 672 589 747 antiqua
602 673 703 747 Tyros,
719 673 912 749 flammaeque
926 677 1054 737 furentes

239 772 368 829 culmina
382 751 493 844 perque
508 769 659 827 hominum
674 771 825 829 volvantur
838 790 948 849 perque
962 773 1097 835 deorum.

279 867 380 926 Audiit
394 866 544 936 exanimis,
560 865 735 941 trepidoque
750 870 884 927 exterrita
897 888 984 930 cursu

239 966 383 1041 unguibus
398 983 449 1023 ora
462 981 544 1021 soror
558 963 681 1022 foedans
696 975 727 1023 et
740 976 861 1041 pectora
873 969 978 1043 pugnis

238 1082 291 1140 per
305 1061 418 1121 medios
432 1062 497 1131 ruit,
512 1078 547 1127 ac
563 1061 737 1120 morientem
751 1065 871 1121 nomine
885 1064 1010 1123 clamat:

240 1162 330 1219 ‘Hoc
345 1159 424 1230 illud,
439 1176 586 1235 germana,
605 1158 678 1217 luit?
719 1161 771 1218 Me
786 1160 887 1219 fraude
900 1163 1043 1237 petebas?

239 1260 310 1317 Hoc
325 1276 410 1332 rogus
425 1258 478 1315 iste
494 1257 573 1328 mihi,
592 1258 648 1315 hoc
663 1257 745 1331 ignes
759 1276 884 1333 araeque
898 1261 1058 1334 parabant?

237 1355 319 1431 Quid
334 1356 460 1431 primum
474 1354 589 1413 deserta
604 1355 730 1429 querar?
770 1354 957 1414 Comitemne
971 1375 1100 1417 sororem

237 1453 369 1529 sprevisti
384 1453 531 1511 moriens?
575 1451 690 1510 Eadem
705 1470 753 1509 me
768 1452 807 1509 ad
822 1452 880 1511 lata
892 1471 1048 1513 vocasses:

237 1551 318 1609 idern
332 1551 433 1608 ambas
448 1550 523 1607 lerro
538 1548 633 1620 dolor,
650 1559 739 1624 atque
754 1548 861 1608 eadem
875 1550 947 1608 hora
962 1552 1081 1611 tulisset.

238 1649 295 1707 His
309 1648 398 1706 etiam
413 1648 501 1705 struxi
517 1646 660 1717 manibus,
677 1647 844 1721 patriosque
859 1648 961 1706 vocavi

237 1764 310 1803 voce
326 1744 408 1815 deos,
423 1746 465 1803 sic
479 1753 508 1802 te
523 1755 555 1803 ut
569 1745 665 1819 posita
679 1743 806 1802 crudelis
821 1745 975 1803 abessem?

239 1844 383 1903 Exstinxti
397 1852 426 1901 te
442 1861 558 1918 meque,
574 1860 664 1914 soror,
678 1842 881 1918 populumque
895 1854 1050 1919 patresque

238 1940 373 2000 Sidonios
387 1940 548 2014 urbemque
565 1949 654 1997 tuam.
698 1941 776 1997 Date
791 1940 910 1998 volnera
922 1941 1047 2016 lymphis

237 2038 363 2108 abluam,
378 2047 416 2108 et,
433 2047 577 2095 extremus
593 2037 616 2095 si
632 2038 697 2112 quis
712 2055 801 2111 super
814 2037 918 2096 halitus
932 2048 1016 2111 errat,

237 2154 288 2195 ore
302 2135 416 2210 legam’
459 2134 506 2193 Sic
521 2134 588 2205 iata,
603 2133 709 2209 gradus
725 2145 855 2192 evaserat
869 2135 952 2206 altos,

237 2233 496 2306 semianimemque
512 2230 577 2289 sinu
591 2248 760 2306 germanam
776 2232 912 2306 amplexa
924 2232 1041 2291 fovebat

237 2350 304 2388 cum
319 2330 439 2405 gemitu,
455 2339 542 2403 atque
558 2338 635 2385 atros
650 2328 778 2387 siccabat
793 2339 873 2387 veste
888 2348 1015 2389 cruores.

238 2428 299 2497 Illa,
315 2445 415 2501 graves
430 2427 531 2484 oculos
548 2434 654 2483 conata
669 2425 810 2496 attollere,
824 2444 921 2485 rursus

236 2524 355 2596 deficit,
377 2524 497 2581 infixum
512 2522 605 2581 stridit
619 2523 674 2580 sub
688 2534 809 2597 pectore
823 2524 936 2583 vulnus.

235 2624 294 2679 Ter
308 2640 371 2679 sese
386 2621 519 2679 attollens
538 2621 697 2694 cubitoque
713 2620 821 2679 adnixa
833 2621 958 2695 levavit,·

234 2730 279 2777 ter
293 2720 423 2778 revoluta
436 2730 499 2777 toro
515 2728 567 2789 est,
583 2718 736 2793 oculisque
752 2719 912 2777 errantibus
926 2720 986 2779 alto

236 2818 377 2898 quaesivit
391 2817 474 2875 caelo
489 2816 595 2887 lucem,
614 2816 813 2892 ingemuitque
827 2828 951 2892 reperta.

189 2896 199 2907 ⁸
274 2918 351 2974 Tum
367 2917 443 2974 Iuno
458 2910 654 2989 dnnipotens,
672 2913 793 2989 longum
808 2916 943 2974 miserata
957 2914 1090 2977 dolorem

235 3013 417 3087 difficilisque
432 3013 537 3083 obitus,
556 3012 625 3070 Irim
640 3012 757 3071 demisit
772 3012 910 3089 Olympo,
975 3009 980 3024 '

235 3130 310 3187 quae
326 3112 484 3169 luctantem
500 3111 627 3169 animam
645 3129 795 3186 nexosque
809 3113 966 3171 resolveret
979 3121 1066 3171 artus.

236 3211 313 3268 Nam
328 3210 396 3283 quia
409 3227 466 3267 nec
480 3209 548 3280 fato,
566 3210 668 3267 merita
682 3227 739 3267 nec
755 3220 848 3268 morte
862 3211 983 3285 peribat,

235 3306 288 3365 sed
303 3308 408 3365 misera
423 3317 489 3365 ante
505 3307 594 3378 diem,
611 3308 767 3383 subitoque
781 3326 908 3366 accensa
921 3308 1025 3378 surore,

234 3404 367 3463 nondum
383 3406 420 3463 illi
437 3407 542 3465 flavum
561 3407 735 3481 Proserpina
748 3406 856 3463 vertice
870 3406 982 3463 crinem

234 3505 398 3576 abstulerat,
418 3506 576 3581 Stygioque
593 3513 682 3580 caput
696 3503 885 3562 damnaverat
899 3503 989 3577 Orco.

235 3606 314 3680 Ergo
330 3605 383 3663 Iris
401 3604 512 3663 croceis
528 3620 581 3679 per
596 3602 712 3661 caelum
725 3600 842 3659 roscida
855 3601 970 3677 pennis,
1249 3608 1292 3655 70⁰

234 3703 312 3762 mille
328 3702 444 3761 trahens
460 3699 555 3759 varios
570 3698 694 3757 adverso
710 3698 770 3757 sole
786 3699 907 3769 colores,

1371 3233 1373 3276 l

322 3827 357 3861 ⁶⁸⁸
368 3828 473 3873 Comma
482 3826 541 3872 aller
551 3824 655 3882 bmpltis.
672 3824 705 3869 H·
776 3823 909 3882 Mesatis·
924 3824 954 3868 R
1025 3821 1155 3881 milim-
1171 3824 1201 3870 R·
