2834 4292
209 303 231 366 6
578 301 741 366 Pastoral
758 304 888 370 Poems.
1147 315 1262 380 [Booou

210 471 346 562 capreoli,
361 485 465 562 sparsis
480 484 568 546 etiam
582 505 661 545 nunc
675 487 798 563 pellibus
813 488 888 561 albo,

209 583 278 642 bina
292 582 340 640 die
355 583 466 641 siccant
479 584 541 642 ovis
555 584 664 657 ubera;
685 603 760 659 quos
774 584 826 643 tibi
839 603 942 645 servo:

209 679 267 736 iam
281 678 395 754 pridem
410 699 428 738 a
441 697 489 737 me
504 680 566 738 illos
581 681 729 739 abducere
742 681 887 757 'Ibestylis
901 691 983 756 orat3

209 787 239 834 et
249 777 344 848 faciet,
360 777 500 851 quoniam
514 777 634 836 sordent
648 777 700 836 tibi
714 796 836 836 munera
848 789 955 837 nostra

251 875 322 931 Huc
336 873 416 945 ades,
432 874 459 933 O
474 874 601 931 formose
615 891 707 948 puer:
729 875 782 934 tibi
795 875 853 933 lilia
865 876 959 950 plenis

209 987 281 1028 ecce
295 971 390 1028 ferunt
406 970 562 1046 Nymphae
577 970 717 1043 calathis,
739 971 791 1031 tibi
805 971 933 1030 candida
947 973 1029 1045 Nais,

209 1066 341 1142 pallentis
355 1067 446 1124 violas
461 1076 490 1124 et
505 1085 620 1124 summa
632 1085 780 1142 papavera
793 1086 925 1143 carpens,

209 1163 369 1221 narcissum
383 1174 413 1221 et
427 1163 528 1221 florem
542 1163 634 1238 iungit
648 1163 726 1222 bene
740 1164 844 1222 olentis
858 1165 976 1238 anethi;

209 1269 272 1320 tum
286 1260 365 1318 casia
377 1270 465 1335 atque
480 1261 542 1318 aliis
556 1261 689 1319 intexens
704 1261 839 1320 suavibus
853 1261 959 1335 herbis,

209 1358 308 1415 mollia
320 1358 428 1416 luteola
441 1358 534 1433 pingit
547 1357 680 1415 vaccinia
694 1358 778 1417 calta
1231 1372 1265 1417 50

250 1456 319 1531 Ipse
333 1472 390 1530 ego
405 1472 480 1512 cana
491 1455 588 1530 legam
602 1462 703 1512 tenera
715 1455 851 1530 lanugine
865 1455 950 1528 mala,

209 1561 418 1626 castaneasque
432 1569 533 1624 nuces,
548 1569 616 1608 mea
629 1569 701 1626 quas
716 1552 866 1628 Amaryllis
880 1552 1016 1626 amabat3

209 1648 318 1706 addam
333 1667 419 1706 cerea
431 1666 543 1724 pruna:
564 1648 660 1724 honos
674 1649 728 1706 erit
741 1649 809 1706 huic
823 1667 941 1724 quoque
955 1667 1068 1724 pomo;

210 1755 240 1804 et
253 1764 314 1818 vos,
331 1745 454 1817 Olauri,
469 1763 596 1822 carpam,
612 1755 642 1804 et
656 1755 694 1819 te,
709 1746 842 1821 proxima
855 1756 957 1822 myrte,

210 1843 252 1901 sic
266 1844 379 1919 positae
393 1843 533 1918 quoniam
547 1844 642 1902 suavis
656 1844 785 1902 miscetis
799 1842 914 1903 odores.

250 1941 388 1999 Rusticus
403 1950 443 2012 ee,
459 1939 618 2015 Corydon:
640 1958 697 1998 nec
711 1957 833 1997 munera
846 1951 926 1998 curat
939 1939 1047 2012 Alexis,

209 2055 275 2108 nec,
290 2037 314 2095 si
327 2038 495 2096 muneribus
510 2045 611 2108 certes,
627 2036 773 2096 concedat
787 2036 883 2096 Iollas.

211 2135 290 2206 Heu,
305 2134 373 2206 heu,
388 2133 460 2208 quid
474 2134 552 2192 volui
565 2134 672 2191 misero
687 2134 759 2192 mihi
772 2137 778 2192 1
820 2133 952 2192 Floribus
966 2141 1096 2192 austrum

210 2231 341 2308 perditus
356 2241 386 2289 et
398 2231 516 2306 liquidis
531 2231 627 2289 inmisi
641 2230 769 2288 lontibus
782 2248 878 2305 apros.

251 2329 348 2403 Quem
362 2329 445 2404 iugis,
461 2329 508 2400 ah,
523 2326 668 2386 demens?
710 2327 886 2385 Habitarunt
900 2326 931 2385 di
944 2344 1063 2402 quoque
1077 2327 1170 2399 silvas,
1230 2340 1262 2384 60

210 2426 434 2500 Dardaniusque
450 2426 539 2484 Paris.
582 2425 683 2496 Pallas,
699 2443 771 2500 quas
786 2423 920 2482 condidit
933 2442 1025 2496 arces,

209 2525 273 2599 ipsa
286 2525 383 2595 colat,
404 2523 489 2581 nobis
503 2523 638 2598 placeant
652 2531 720 2579 ante
734 2521 834 2579 omnia
846 2522 944 2580 silvae.

208 2623 305 2679 Torva
318 2622 420 2678 leaena
433 2620 535 2696 lupum
549 2620 679 2694 sequitur
687 2639 697 2691 3
719 2619 804 2694 lupus
818 2619 881 2694 ipse
896 2618 1059 2693 capellam

209 2717 361 2777 florentem
375 2718 498 2793 cytisum
513 2717 643 2791 sequitur
656 2716 763 2774 lasciva
777 2715 890 2791 capella
898 2735 908 2787 ς
990 2741 993 2746 ·

209 2825 239 2874 te
253 2813 402 2890 Corydon,
417 2833 436 2872 ο
451 2813 552 2872 Alexi:
575 2813 661 2872 trahit
675 2832 728 2872 sua
741 2831 888 2887 quemque
902 2812 1045 2887 voluptas.
1233 2812 1264 2869 ⁶5

249 2912 365 2988 Aspice,
379 2921 472 2969 aratra
485 2911 554 2987 iugo
568 2911 695 2969 referunt
709 2927 852 2986 suspensa
864 2910 989 2981 iuvenci,

209 3019 239 3068 et
252 3008 296 3067 sol
310 3008 466 3067 crescentis
481 3007 630 3067 decedens
645 3007 776 3084 duplicat
789 3007 924 3065 umbras:

208 3125 256 3164 me
272 3116 370 3164 tamen
384 3106 440 3163 urit
453 3125 554 3178 amor;
575 3106 640 3181 quis
655 3104 734 3163 enim
748 3103 855 3163 modus
870 3102 946 3161 adsit
959 3103 1074 3162 amori?

208 3205 264 3276 Ah,
280 3202 429 3279 Corydon,
444 3202 593 3279 Corydon,
609 3210 728 3277 quae-te
743 3201 893 3260 dementia
907 3200 1007 3276 cepit!

208 3301 388 3377 Semiputata
401 3301 453 3359 tibi
466 3299 604 3358 frondosa
614 3299 678 3357 vitis
691 3299 722 3357 in
735 3299 816 3356 ulmo
831 3307 895 3371 est3

208 3399 278 3473 quin
293 3407 324 3456 tu
340 3396 447 3472 aliquid
462 3397 562 3455 saltem
577 3397 683 3472 potius,
698 3414 823 3470 quorum
838 3394 1043 3471 indigetusus,

207 3495 362 3554 viminibus
376 3494 513 3568 mollique
528 3512 611 3569 paras
625 3492 762 3551 detexere
776 3493 887 3551 iunco?

209 3591 344 3651 Invenies
358 3590 455 3663 alium,
470 3590 495 3649 si
508 3600 537 3648 te
551 3589 599 3648 hic
613 3589 730 3664 fastidit,
745 3588 870 3648 Alexim.

422 3791 542 3840 ⁸⁰caltha.
565 3793 598 3840 H.
753 3846 755 3850 ,
836 3790 860 3826 ⁸⁴
865 3799 993 3852 proxuma.
1016 3793 1045 3839 R.
