2834 4292
186 262 226 330 52
456 264 477 311 1.
508 244 574 310 lee
596 245 759 331 Landing
780 245 816 310 in
837 247 965 329 Afn'ca.
1113 257 1238 322 [AErrnrn.

183 431 349 507 iustitiaque
365 430 448 490 dedit
461 431 555 508 gentis
569 431 680 490 frenare
694 432 844 508 superbas,

183 529 276 587 Troes
289 538 319 586 te
334 528 439 600 miseri,
453 529 547 586 ventis
561 529 652 586 maria
665 529 765 587 omnia
778 528 865 601 vecti,

184 643 310 698 oramus,
324 625 446 700 prohibe
462 623 597 684 infandos
610 643 630 682 a
642 625 764 684 navibus
778 625 862 700 ignis,

146 799 152 806 ⁸
168 739 272 806 *parce
286 722 337 796 pio
351 722 459 798 generi,
474 732 504 780 et
518 723 638 799 propius
651 740 697 780 res
711 722 811 798 aspice
825 731 948 782 nostras.

185 820 256 877 Non
270 837 324 877 nos
339 829 388 877 aut
402 819 477 877 ferro
492 820 618 895 Libycos
632 820 773 895 populare
788 820 905 878 Penatis

183 917 326 1000 venimus,
341 924 390 973 aut
403 925 499 992 raptas
514 916 553 974 ad
566 917 650 974 litora
663 927 774 974 vertere
788 915 932 992 praedas,

184 1030 246 1071 non
260 1031 296 1071 ea
309 1014 350 1071 vis
365 1014 473 1085 animo,
488 1031 545 1071 nec
558 1022 640 1072 tanta
654 1014 790 1088 superbia
802 1013 895 1072 victis.

186 1109 240 1168 Est
253 1110 344 1182 locus,
361 1111 538 1184 Hesperiam
553 1110 624 1170 Grai
639 1111 815 1185 cognomine
830 1109 942 1184 dicunt,

184 1215 260 1264 terra
273 1207 401 1282 antiqua,
415 1217 521 1282 potens
535 1208 621 1266 armis
635 1217 724 1282 atque
738 1207 827 1268 ubere
841 1207 981 1282 glaebae3

185 1303 309 1362 Oenotri
323 1303 439 1362 coluere
453 1304 505 1361 viri
517 1325 524 1376 ;
538 1323 620 1362 nunc
633 1304 711 1362 fama
724 1305 852 1363 minores

186 1400 301 1458 Italiam
314 1398 420 1458 dixisse
435 1399 518 1458 ducis
532 1400 570 1458 de
585 1402 704 1460 nomine
718 1411 848 1478 gentem.
942 1383 945 1387 ,

186 1499 248 1556 Hic
263 1516 361 1556 cursus
376 1497 446 1556 fuit:

187 1613 255 1653 cum
269 1595 364 1653 subito
379 1594 537 1670 adsurgens
551 1595 641 1654 lluctu
656 1595 808 1654 nimbosus
823 1595 917 1654 Orion

185 1692 217 1751 in
229 1691 306 1750 vada
319 1709 410 1749 caeca
423 1691 496 1763 tulit,
511 1693 685 1768 penitusque
699 1693 876 1778 procacibus
888 1691 991 1750 austris
1020 1681 1023 1684 ’

185 1807 296 1866 perque
310 1789 414 1860 undae,
429 1800 583 1864 superante
599 1790 669 1860 sa10‚
685 1809 795 1866 perque
809 1791 888 1848 invia
900 1808 971 1848 saxa

186 1885 323 1961 dispulit3
339 1886 397 1945 huc
412 1887 498 1962 pauci
512 1887 612 1946 vestris
628 1886 799 1944 adnavimus
813 1887 880 1946 oris.

187 1983 277 2059 Quod
292 2001 385 2058 genus
400 1983 458 2041 hoc
472 1983 647 2042 hominurn?
687 1983 809 2057 Quaeve
824 1984 903 2042 hunc
917 1993 977 2041 tam
990 1982 1113 2042 barbara
1125 1999 1239 2040 morem

187 2081 326 2159 permittit
340 2081 453 2156 patria?
494 2081 633 2156 Hospitio
649 2081 838 2156 prohibemur
850 2098 977 2165 arenae3
1195 2087 1239 2134 540

186 2179 263 2238 bella
277 2179 364 2254 cient,
379 2179 529 2253 primaque
544 2187 643 2236 vetant
658 2178 817 2236 consistere
831 2188 916 2238 terra.

187 2279 217 2338 Si
231 2295 323 2354 genus
337 2277 498 2335 humanum
513 2285 543 2334 et
557 2277 689 2335 mortalia
702 2275 832 2334 temnitis
845 2295 926 2334 anna

187 2385 217 2433 at
231 2384 343 2450 sperate
358 2373 431 2432 deos
445 2391 591 2432 memores
606 2374 686 2432 fandi
700 2384 789 2449 atque
803 2373 932 2434 nefandi.
1011 2437 1014 2445 ,

228 2474 315 2530 ‘Rex
328 2481 389 2529 erat
403 2474 518 2530 Aeneas
533 2471 627 2542 nobis,
643 2489 703 2546 quo
718 2471 817 2529 iustior
831 2472 911 2542 alter,

186 2587 244 2628 nec
258 2569 366 2645 pietate
380 2568 442 2639 luit,
457 2586 514 2626 nec
527 2568 605 2628 bello
620 2568 713 2626 maior
727 2578 756 2625 et
770 2569 866 2626 armis.

188 2669 287 2742 Quem
302 2667 326 2725 si
339 2667 398 2724 sata
410 2665 504 2723 virum
518 2673 641 2736 servant,
658 2665 682 2723 si
695 2665 821 2723 vescitur
835 2683 904 2723 aura

187 2765 324 2836 aetheria,
339 2783 435 2840 neque
450 2764 548 2824 adhuc
562 2763 728 2822 crudelibus
743 2763 869 2850 occqbat
883 2761 1001 2831 umbris,

186 2881 248 2922 non
262 2871 376 2936 metus;
398 2862 496 2920 officio
510 2879 566 2920 nec
582 2871 611 2919 te
628 2871 755 2919 certasse
770 2860 898 2935 priorem

187 2960 346 3037 poeniteat.
388 2960 461 3019 Sunt
475 2969 505 3017 et
519 2959 620 3018 Siculis
635 2958 802 3033 regionibus
817 2957 904 3014 urbes

188 3075 323 3132 arvaque,
337 3057 525 3132 Troianoque
539 3075 557 3113 a
570 3056 711 3130 sanguine
726 3054 819 3112 clarus
834 3057 965 3111 Acestes.

189 3156 364 3229 Quassatam
378 3154 471 3212 ventis
485 3153 572 3212 liceat
586 3152 750 3212 subducere
765 3151 897 3223 classem,

188 3262 217 3310 et
231 3251 308 3309 silvis
322 3260 421 3326 aptare
435 3251 531 3310 trabes
546 3260 575 3308 et
589 3249 728 3325 stringere
742 3267 858 3308 remos:

187 3349 211 3407 si
226 3347 311 3406 datur
325 3348 448 3418 Italiam,
463 3347 549 3406 sociis
564 3355 595 3406 et
607 3365 674 3422 rege
689 3355 819 3422 recepto,

187 3445 319 3516 tendere,
333 3455 365 3502 nt
381 3445 496 3503 Italiam
510 3445 578 3504 laeti
593 3445 766 3518 Latiumque
781 3451 936 3518 petamus3

187 3543 233 3601 sin
248 3542 402 3617 absumpta
416 3541 500 3612 salus,
516 3550 546 3600 et
559 3551 597 3613 te,
613 3549 696 3616 pater
710 3549 831 3615 optume
845 3541 1003 3608 Teucrum,

187 3646 295 3716 pontus
310 3639 398 3734 habet
413 3638 531 3715 Lybiae,
545 3657 602 3696 nec
617 3655 683 3714 spes
698 3638 757 3696 iam
771 3645 859 3696 restat
874 3635 939 3708 Iuli,

634 3765 668 3800 ⁶⁵⁰
679 3779 756 3812 arma.
771 3765 801 3812 R.
