2834 4292
219 304 264 370 90
452 304 501 353 111.
526 288 592 351 Tlre
616 288 818 371 Wundering
837 290 879 370 os
893 288 1034 351 AEncas.
1152 293 1280 357 [AEunn.

220 471 369 532 Cedamus
384 470 514 543 Phoebo,
530 481 560 529 et
573 472 676 530 moniti
690 472 811 529 meliora
824 472 999 546 sequamur!
1388 369 1391 590 l

220 572 266 629 Sic
281 572 329 642 ait,
345 578 375 627 et
388 569 488 626 cuncti
502 567 583 626 dicto
597 586 734 645 paremus
748 578 878 626 ovantes.

220 669 310 726 Hane
324 684 442 745 quoque
457 665 618 725 deserimus
633 665 746 738 sedem,
760 666 922 741 paucisque
935 664 1040 723 relictis
1234 674 1280 719 1⁹0

218 765 283 825 vela
296 764 409 837 damus,
423 774 595 837 vastumque
610 781 683 821 cava
696 764 778 821 trabe
793 764 933 821 currimus
948 780 1065 837 aequor.

260 864 419 937 Postquam
432 861 522 919 altum
538 871 657 919 tenuere
672 871 758 933 rates,
774 860 906 919 aeciam
919 860 1043 934 amplius
1056 858 1132 917 ullae

219 960 361 1035 adparent
375 970 476 1031 terrae,
492 959 605 1017 caelum
622 956 753 1032 undique
767 966 798 1016 et
810 956 941 1031 undique
956 966 1072 1031 pontus,

218 1066 281 1115 tum
294 1056 365 1114 mihi
380 1056 529 1115 caeruleus
544 1074 631 1130 supra
646 1064 736 1129 caput
751 1054 861 1113 adstitit
874 1055 976 1125 imber,

218 1164 338 1213 noctem
351 1154 538 1229 hiememque
552 1154 657 1226 ferens,
674 1163 704 1211 et
718 1153 861 1211 inhorruit
873 1150 952 1209 unda
966 1151 1101 1209 tenebris
1235 1163 1277 1208 195

218 1253 369 1311 Continuo
383 1253 461 1311 venti
475 1254 595 1311 volvunt
610 1270 698 1323 mare,
715 1270 881 1327 magnaque
895 1260 1014 1326 surgunt

218 1367 347 1423 aequora
355 1369 366 1422 ς
386 1348 507 1425 dispersi
522 1350 664 1409 iactamur
677 1352 790 1425 gurgite
805 1360 907 1421 vast0;

218 1446 363 1505 involvere
378 1445 458 1505 diem
472 1447 573 1519 nimbi,
589 1458 619 1505 et
632 1466 693 1505 nox
708 1447 810 1506 umida
824 1448 940 1505 caelum

218 1543 354 1617 abstulit3
376 1544 557 1619 ingeminant
571 1545 700 1619 abruptis
716 1545 842 1603 nubibus
858 1545 949 1620 ignes.

219 1642 390 1699 Excutimur
404 1660 498 1714 cursu,
514 1652 543 1699 et
557 1642 653 1699 caecis
667 1660 796 1699 erramus
809 1642 840 1699 in
854 1641 949 1699 undis.

219 1739 287 1813 Ipse
302 1738 381 1796 diem
396 1748 574 1813 noctemque
589 1750 677 1815 negat
691 1738 857 1797 discernere
873 1738 965 1809 caelo,

217 1853 275 1893 nec
288 1836 455 1894 meminisse
470 1837 533 1894 viae
548 1836 647 1895 media
661 1837 810 1894 Palinurus
824 1836 855 1893 in
869 1836 958 1893 unda.

217 1933 283 1990 Tris
297 1932 373 1991 adeo
388 1934 514 1992 incertos
529 1952 620 1991 caeca
635 1934 758 2008 ealigine
774 1934 851 1991 soles

218 2048 345 2088 erramus
359 2030 474 2105 pelago,
490 2030 614 2088 totidem
629 2032 691 2088 sine
707 2030 802 2089 sidere
816 2040 928 2089 noctes.

218 2128 329 2201 Quarto
344 2137 419 2185 terra
432 2126 481 2185 die
496 2128 623 2203 primum
638 2146 669 2185 se
684 2128 815 2185 attollere
830 2127 950 2185 tandem

161 2270 164 2274 Α
216 2225 286 2296 visa,
301 2225 413 2300 aperire
428 2225 529 2299 procul
543 2226 659 2296 montis,
675 2244 710 2281 ac
725 2225 840 2282 volvere
854 2226 976 2282 fumum.

217 2322 291 2379 Vela
303 2321 421 2393 cadunt,
437 2322 523 2379 remis
538 2322 711 2397 insurgimus
723 2342 732 2394 3
754 2322 835 2380 haud
848 2340 939 2393 mora,
953 2331 1059 2379 nautae

217 2416 316 2475 adnixi
330 2428 467 2494 torquent
481 2436 598 2493 spumas
614 2428 643 2476 et
659 2418 775 2477 caemla
788 2429 913 2477 verrunt.

257 2516 407 2573 Servatum
421 2533 458 2572 ex
471 2515 558 2574 undis
573 2515 769 2590 Strophadum
785 2533 833 2573 me
848 2516 931 2573 litora
944 2516 1071 2591 primum

217 2612 383 2686 accipiunt,
405 2612 583 2688 Strophades
599 2614 688 2671 Graio
704 2623 782 2671 stant
796 2613 915 2671 nomine
929 2612 1035 2685 dictae,

217 2708 325 2766 insulae
341 2707 427 2766 ionio
441 2709 471 2766 in
485 2726 602 2783 magno,
619 2728 690 2784 quas
706 2709 769 2767 dira
783 2710 914 2768 Celaeno

217 2806 424 2880 Harpyiaeque
439 2806 540 2864 colunt
553 2806 636 2878 aliae,
652 2804 774 2865 Phineia
787 2816 945 2882 postquam

216 2902 314 2960 clausa
327 2900 442 2974 domus,
457 2921 633 2977 mensasque
649 2913 730 2961 metu
744 2905 853 2978 liquere
867 2904 986 2979 priores.

215 2999 336 3056 Tristius
350 2998 429 3056 haud
444 3000 497 3057 illis
513 3010 685 3071 monstrum,
701 3019 758 3058 nec
772 3001 885 3059 saevior
897 3001 956 3058 ulla

216 3096 304 3169 pestis
319 3105 349 3153 et
362 3096 404 3153 ira
418 3096 509 3155 deum
525 3098 628 3172 Stygiis
644 3116 707 3155 sese
723 3099 823 3156 extulit
837 3096 933 3156 undis.

215 3192 345 3267 Virginei
357 3194 508 3252 volucrum
523 3194 627 3265 voltus,
643 3195 812 3252 foedissima
825 3194 932 3253 ventris

215 3290 368 3364 proluvies,
384 3309 537 3368 uncaeque
553 3310 664 3363 manuS,
680 3301 711 3349 et
724 3291 834 3367 pallida
847 3308 964 3367 semper

215 3405 267 3445 ora
280 3388 366 3446 same.

256 3487 328 3544 Huc
342 3486 392 3545 ubi
407 3486 496 3546 delati
510 3498 610 3563 portus
624 3487 801 3558 intravimus,
816 3504 888 3544 ecce

215 3583 291 3641 laeta
303 3586 395 3643 boum
410 3586 517 3661 passim
533 3585 643 3659 campis
658 3593 791 3641 armenta
803 3583 946 3656 videmus,

216 3682 463 3757 caprigenumque
477 3700 569 3757 pecus
583 3682 662 3738 nullo
676 3679 801 3739 custode
815 3698 868 3755 per
881 3680 995 3739 herbas.

217 3778 362 3837 Inruimus
376 3778 460 3852 serto,
475 3788 506 3835 et
518 3777 602 3836 divos
616 3777 772 3853 ipsumque
785 3794 925 3837 vocamus
