2834 4292
232 304 277 369 66
561 316 597 364 11.
620 297 688 363 The
707 296 788 361 Fall
805 298 847 381 os
866 296 958 379 Troy.

233 482 401 561 corripiunt,
417 482 559 560 spirisque
573 481 664 558 ligant
680 480 868 557 ingentibus3
888 488 918 538 et
931 478 991 538 iam

232 583 278 643 bis
291 580 422 641 medium
437 578 574 656 amplexi,
590 579 634 637 bis
649 578 727 637 collo
741 594 882 653 squamea
895 576 1007 635 circum

232 690 314 755 terga
328 677 397 750 dati,
413 685 550 753 superant
564 674 661 752 capite
676 684 705 733 et
722 674 885 731 cervicibus
898 673 973 731 altis.

234 778 287 835 Ille
302 774 387 835 simul
402 774 536 833 manibus
554 770 648 830 tendit
663 770 800 830 divellere
814 769 921 842 nodos,
947 813 964 831 c

232 874 365 950 perfusus
379 871 459 931 sanie
475 870 559 927 vittas
575 878 697 943 atroque
711 884 836 939 veneno,

233 971 375 1029 clamores
389 968 475 1027 simul
489 964 651 1025 horrendos
665 964 704 1023 ad
718 964 815 1023 sidera
827 965 921 1025 tollite

232 1068 333 1144 quales
347 1066 482 1141 mugitus,
498 1064 569 1139 sugit
585 1080 654 1121 cunt
668 1063 784 1121 saucius
798 1081 878 1121 aram

232 1174 339 1235 taurus,
355 1172 384 1222 et
398 1163 539 1222 incertam
557 1159 684 1219 excussit
698 1160 812 1218 cervice
826 1162 962 1221 securim.

196 1252 201 1261 ’
232 1264 270 1319 At
284 1260 393 1337 gemini
406 1260 489 1334 lapsu
502 1258 624 1318 delubra
638 1256 676 1315 ad
691 1276 806 1315 summa
818 1257 963 1319 dracones

233 1358 372 1433 effugiunt
386 1372 548 1431 saevaeque
567 1365 672 1431 petunt
685 1354 844 1414 Tritonidis
858 1375 966 1429 arcem,
1033 1360 1039 1371 ‘

232 1455 287 1513 sub
302 1452 485 1530 pedibusque
504 1452 577 1510 deae
594 1453 809 1527 clipeiquestub
822 1454 895 1512 orbe
908 1462 1054 1529 teguntur.

232 1553 310 1609 Tum
324 1568 393 1609 vero
407 1550 577 1609 tremefacta
592 1567 686 1608 novus
702 1568 755 1625 per
770 1560 892 1625 pectora
904 1550 1019 1609 cunctis

232 1648 359 1707 insinuat
372 1665 471 1723 pavor,
487 1656 518 1705 et
532 1646 626 1705 scelus
641 1646 816 1722 expendisse
831 1657 994 1706 merentem

234 1744 406 1805 Laocoiinta
420 1744 523 1816 serunt,
537 1761 651 1801 sacrum
666 1744 718 1818 qui
732 1742 854 1819 cuspide
867 1744 957 1803 robur

233 1840 355 1913 laeserit,
370 1850 400 1899 et
415 1850 497 1916 tergo
512 1838 683 1899 sceleratam
698 1840 843 1899 intorserit
857 1840 979 1900 hastam.

147 1917 155 1933 ⁸
234 1938 415 1998 Ducendum
429 1938 468 1997 ad
482 1937 568 1997 sedes
583 1938 770 1997 simulacrum
784 1938 953 2014 orandaque
967 1937 1054 1999 divae

233 2037 354 2095 numina
368 2036 563 2095 conclamant.

275 2132 439 2193 Dividimus
453 2151 551 2191 muros
566 2142 595 2192 et
609 2133 728 2191 moenia
742 2133 898 2210 pandimus
911 2133 1001 2193 urbis.

233 2230 400 2305 Accingunt
414 2248 518 2289 omnes
533 2231 623 2306 operi,
639 2230 824 2307 pedibusque
837 2240 967 2289 rotarum

233 2328 380 2386 subiciunt
392 2328 499 2403 lapsus,
515 2338 546 2386 et
559 2339 684 2404 stuppea
697 2330 815 2388 vincula
828 2330 906 2387 collo

233 2422 406 2483 intendunt:
428 2424 543 2483 scandit
557 2426 650 2485 fatalis
665 2426 804 2485 machina
818 2445 926 2499 muros,

234 2520 293 2578 leta
306 2522 401 2581 armis.
445 2522 531 2581 Pueri
546 2523 659 2581 circum
673 2523 874 2599 innuptaeque
887 2524 1004 2601 puellae

234 2635 317 2675 sacra
331 2630 449 2692 canunt,
465 2620 625 2695 funemque
640 2638 729 2678 manu
744 2622 914 2697 contingere
928 2621 1069 2698 gaudent.

235 2715 288 2773 Illa
302 2715 386 2787 subit,
403 2716 578 2791 mediaeque
593 2717 708 2775 minans
723 2718 859 2778 inlabitur
871 2719 945 2780 urbi.

235 2812 263 2872 0
277 2813 377 2888 patria,
393 2814 422 2874 Ο
436 2813 538 2873 divom
554 2812 659 2873 domus
677 2815 773 2887 Ilium,
788 2825 819 2873 et
832 2816 941 2875 incluta
954 2817 1032 2875 bello

234 2909 353 2968 moenia
367 2910 580 2982 Dardanidum,
598 2920 701 2986 quater
716 2912 782 2988 ipso
795 2911 826 2971 in
839 2913 939 2972 limine
952 2924 1055 2988 portae

235 3007 369 3079 substitit,
385 3017 473 3084 atque
487 3018 572 3068 utero
588 3010 717 3068 sonitum
732 3020 835 3085 quater
849 3029 929 3068 anna
942 3010 1071 3070 dedere:

234 3104 374 3164 instamus
389 3115 488 3165 tamen
504 3106 680 3166 inmemores
696 3108 837 3183 caecique
851 3108 956 3180 surore,

235 3211 265 3260 et
280 3212 440 3261 monstrum
454 3203 553 3262 infelix
569 3214 681 3262 sacrata
695 3205 821 3263 sistimus
835 3224 913 3264 arce.

233 3300 319 3357 Tunc
333 3300 421 3358 etiam
435 3301 499 3359 fatis
514 3302 606 3378 aperit
622 3301 788 3361 Cassandra
800 3303 901 3361 suturis

235 3414 295 3467 ora,
309 3394 359 3456 dei
373 3397 451 3457 iussu
466 3416 526 3457 non
541 3417 681 3475 umquam
697 3398 810 3457 credita
822 3400 954 3458 Teucris.

236 3494 300 3553 Nos
314 3492 436 3554 delubra
449 3495 539 3555 deum
553 3496 659 3568 miseri,
674 3496 780 3572 quibus
794 3496 910 3555 ultimus
924 3505 1002 3557 esset

234 3592 283 3651 ille
297 3590 369 3663 dies,
384 3592 458 3651 festa
470 3592 599 3651 velamus
613 3591 717 3651 fronde
731 3611 785 3668 per
797 3593 910 3653 urbem.

268 3672 287 3751 i
293 3689 421 3749 Vertitur
434 3690 545 3748 interea
560 3690 675 3749 caelum
690 3700 719 3747 et
733 3691 790 3749 mit
803 3708 919 3749 oceano
932 3710 1002 3765 nox,

234 3786 385 3847 involvens
399 3786 503 3845 umbra
516 3804 622 3863 magna
636 3796 800 3863 terramque
816 3787 976 3867 polumque

1164 304 1297 371 [amn.
