2834 4292
782 116 796 169 l

132 329 166 378 v.
180 328 253 393 797.]
404 316 438 381 Α
457 318 577 401 Colony
599 318 630 382 is
652 320 734 402 Laft
755 319 793 383 in
817 318 931 402 Sicily.

134 504 242 561 creber
256 512 287 561 et
300 502 452 580 adspirans
465 522 562 563 rursus
576 513 664 563 vocat
677 505 784 563 Auster
796 503 827 562 in
841 502 941 563 altum.

135 601 278 658 Exoritur
292 619 436 676 procurva
448 601 551 675 ingens
565 618 619 675 per
631 600 717 659 litora
730 600 833 672 fletus;

134 697 289 772 complexi
302 697 378 755 inter
391 715 422 755 se
436 707 615 772 noctemque
630 697 770 772 diemque
784 705 942 755 morantur.

134 796 227 869 Ipsae
242 794 302 851 iam
316 804 432 866 matres,
446 794 511 870 ipsi,
526 795 632 869 quibus
646 811 751 870 aspera
763 793 916 869 quondam

137 892 200 948 visa
215 891 303 949 maris
317 891 406 949 facies
420 901 450 949 et
463 910 524 950 non
539 891 688 949 tolerabile
702 909 824 962 nomeu,

135 989 178 1045 ire
193 988 306 1060 volunt,
321 1006 499 1064 omnemque
513 989 600 1063 fugae
614 988 742 1063 perferre
756 987 899 1047 laborem.

136 1086 226 1159 Quos
240 1085 336 1143 bonus
350 1087 464 1143 Aeneas
479 1084 566 1144 dictis
580 1085 689 1144 solatur
703 1085 814 1156 amicis,

135 1191 168 1239 et
182 1182 404 1257 consanguineo
418 1182 572 1241 lacrimans
586 1181 778 1241 commendat
791 1184 927 1239 Acestae.

134 1279 205 1337 Tris
221 1279 308 1355 Eryci
321 1280 426 1337 vitulos
441 1289 471 1337 et
484 1279 722 1355 Tempestatibus
735 1298 843 1355 agnam

136 1376 265 1434 caedere
280 1374 390 1434 deinde
406 1376 495 1448 iubet,
510 1376 640 1451 solvique
656 1394 693 1433 ex
705 1376 809 1435 ordine
824 1356 934 1436 funem.

136 1477 219 1549 Ipse,
235 1484 325 1549 caput
337 1483 440 1531 tonsae
454 1473 530 1532 loliis
544 1458 675 1532 evinctus
689 1475 792 1546 olivae,

136 1582 219 1630 stans
235 1571 337 1647 procul
351 1572 380 1628 in
395 1589 481 1647 prora
494 1580 625 1647 pateram
639 1580 730 1643 tenet,
743 1580 870 1647 extaque
884 1570 976 1631 salsos

135 1669 259 1746 porricit
272 1668 303 1726 in
317 1668 421 1727 linctus
435 1686 470 1727 ac
484 1668 552 1727 vina
564 1650 704 1743 liquentia
718 1668 823 1727 fundit.

138 1765 328 1840 Prosequitur
342 1784 462 1840 surgens
477 1784 495 1823 a
508 1766 601 1841 puppi
615 1774 721 1825 ventus
735 1775 847 1825 euntes.

137 1863 282 1923 Certatim
295 1863 369 1923 socii
382 1862 488 1921 feriunt
502 1879 581 1920 mare
597 1871 627 1920 et
639 1880 769 1937 aequora
780 1873 907 1923 verrunt.

179 1962 220 2018 At
232 1960 334 2017 Venus
348 1959 459 2016 interea
474 1960 647 2034 Neptunum
661 1960 790 2019 exercita
803 1962 880 2021 curis

137 2056 316 2131 adloquitur,
330 2055 460 2130 talesque
475 2055 601 2113 effundit
613 2065 736 2131 pectore
749 2067 888 2132 questus:

139 2154 282 2213 ‘Iunonis
296 2154 389 2228 gravis
403 2154 444 2211 ira
458 2170 514 2209 nec
530 2153 722 2212 exsaturabile
736 2165 841 2230 pectus

138 2261 251 2329 cogunt
265 2269 324 2323 me,
339 2251 489 2326 Neptune,
504 2268 608 2326 preces
622 2250 805 2311 descendere
819 2253 849 2311 in
863 2271 969 2315 omnes
976 2275 987 2330 3

138 2368 230 2426 quarn
243 2368 300 2407 nec
314 2349 403 2423 longa
417 2347 489 2420 dies,
504 2349 597 2423 pietas
611 2368 669 2407 nec
682 2350 795 2425 mitigat
807 2352 875 2425 ulla,

138 2465 196 2505 nec
212 2447 291 2504 Iovis
305 2446 429 2521 imperio
443 2446 567 2521 latisque
581 2446 704 2505 infracta
717 2449 851 2521 quiescit.

139 2546 211 2602 Non
226 2542 324 2601 media
337 2542 375 2602 de
389 2552 477 2618 gente
492 2543 639 2619 Phrygum
656 2544 790 2603 exedisse
802 2545 937 2607 nefandis

137 2642 243 2699 urbem
256 2640 332 2698 odiis
346 2640 414 2697 satis
429 2650 481 2712 est,
496 2658 554 2699 nec
567 2658 695 2715 poenam
711 2651 791 2699 traxe
804 2660 1012 2717 peromnem:

137 2738 273 2813 reliquias
287 2738 403 2809 Troiae,
419 2737 531 2795 cineres
545 2747 633 2812 atque
648 2756 716 2797 ossa
728 2750 899 2815 peremptae

136 2836 317 2919 insequitur:
340 2854 442 2892 causas
456 2835 527 2893 tanti
542 2836 614 2893 sciat
628 2836 676 2893 illa
688 2836 800 2896 furoris.

137 2937 207 3010 Ipse
223 2932 295 2991 mihi
309 2950 405 3007 nuper
418 2931 534 3007 Libycis
548 2942 580 2990 tu
593 2933 674 2991 testis
688 2933 719 2991 in
733 2932 820 2993 undis

137 3050 227 3108 quam
242 3031 350 3088 molem
366 3029 462 3088 subito
477 3029 615 3089 excierit:
637 3032 728 3089 maria
741 3032 842 3090 omnia
854 3034 939 3095 caelo

136 3130 263 3200 miscuit,
278 3128 387 3187 Aeoliis
401 3127 583 3201 nequiquam
595 3128 669 3185 freta
681 3129 827 3203 procellis,

137 3228 167 3286 in
181 3226 279 3302 regnis
293 3224 351 3283 hoc
366 3242 436 3281 ausa
449 3224 514 3282 tuis.

139 3327 193 3383 Per
207 3324 302 3382 scelus
317 3340 389 3379 ecce
404 3321 493 3379 etiam
506 3320 640 3381 Troianis
655 3324 794 3383 matribus
807 3326 880 3386 actis

137 3423 246 3483 exussit
261 3420 349 3479 foede
363 3438 488 3496 puppes,
504 3429 533 3478 et
547 3421 640 3478 classe
654 3421 770 3498 subegit

137 3523 243 3581 amissa
257 3519 355 3579 socios
370 3519 487 3593 ignotae
500 3519 631 3595 linquere
645 3529 747 3580 terrae.

137 3617 228 3694 Quod
243 3627 385 3693 superest,
400 3634 463 3688 oro,
477 3617 563 3674 liceat
578 3616 647 3675 dare
662 3626 727 3675 tuta
738 3634 793 3692 per
805 3617 903 3679 undas

137 3716 200 3776 vela
213 3716 276 3787 tibi,
290 3714 377 3773 liceat
392 3715 567 3773 laurentem
581 3713 723 3789 attingere
738 3715 899 3791 Thybrimt

180 3842 316 3903 tltproictt.
332 3844 361 3893 R.
389 3836 539 3889 mallerlll'.
555 3842 584 3889 R.
612 3840 690 3887 mue.
705 3842 739 3890 H.
767 3842 800 3877 ⁷⁹1
809 3844 967 3901 nequidquam
979 3842 1099 3902 (always).
1114 3846 1148 3892 H.
1248 3873 1373 4243 Δ
