2834 4292
200 262 243 310 20
572 243 733 306 Pastoral
750 245 880 308 Poenas.
1136 255 1252 320 [Bucar.

199 428 337 500 Arcades,
353 427 461 487 invidia
474 437 644 504 rumpantur
657 438 689 488 ut
705 429 754 488 ilia
767 430 888 504 Codro;

199 536 249 586 aut
263 526 286 584 si
301 527 374 583 ultra
387 526 526 601 placitum
540 525 671 598 laudarit,
686 527 809 585 baccare
824 528 950 587 frontem

200 623 317 698 cingite,
332 640 370 679 ne
384 622 442 679 vati
457 631 564 679 noceat
578 622 654 680 mala
668 623 767 698 lingua
779 624 885 682 futuro.

205 721 238 778 C.
267 719 377 778 Saetosi
393 728 481 793 caput
496 719 553 776 hoc
568 720 630 794 apri
645 720 706 791 tibi,
722 721 816 792 Delia,
831 739 936 796 paruus

200 827 229 875 et
242 834 357 874 ramosa
372 817 475 874 Micon
489 816 596 872 vivacis
612 834 723 874 cornua
737 819 823 875 cervi.

200 917 228 974 Si
242 915 391 991 proprium
406 913 464 970 hoc
477 913 571 983 fuerit,
586 913 641 970 levi
656 913 694 971 de
710 933 854 974 marmore
867 925 946 980 tota.

199 1012 327 1086 puniceo
342 1010 430 1067 stabis
444 1029 523 1067 suras
537 1011 653 1068 evincta
667 1021 800 1070 coturno

203 1110 236 1167 T.
265 1109 366 1167 Sinum
379 1108 462 1165 lactis
477 1117 505 1164 et
521 1107 594 1165 haec
608 1117 637 1164 te
652 1108 719 1180 liba,
736 1109 848 1184 Priape,
864 1112 1020 1185 quotannis

200 1215 369 1280 exspectare
385 1214 428 1262 sat
443 1214 486 1262 est
498 1226 504 1262 :
528 1214 625 1262 custos
640 1223 671 1263 es
685 1207 820 1281 pauperis
834 1207 919 1266 horti.

201 1304 289 1361 Nunc
303 1312 332 1360 te
347 1320 541 1359 marmoreum
554 1320 608 1377 pro
622 1312 754 1378 tempore
768 1304 910 1378 fecimus,
930 1313 960 1362 at
973 1314 1015 1376 tu,

200 1400 224 1457 si
238 1399 330 1457 fetura
343 1417 462 1474 gregem
477 1399 662 1474 suppleverit,
678 1419 781 1457 aureus
795 1411 868 1460 esto.

205 1497 238 1555 C.
268 1497 379 1554 Nerine
394 1496 524 1566 Galatea,
539 1497 640 1571 thymo
655 1497 725 1554 mihi
740 1496 854 1556 dulcior
867 1499 996 1574 Hyblae,

201 1593 354 1651 candidior
369 1595 477 1669 cycnis,
494 1592 603 1651 hedera
617 1594 771 1652 formosior
784 1595 859 1667 alba,

201 1691 409 1766 cumprimum
423 1691 499 1765 pasti
512 1700 646 1766 repetent
660 1692 813 1766 praesepia
827 1693 909 1764 tauri,

200 1789 224 1846 si
239 1806 297 1863 qua
311 1789 352 1845 tui
367 1787 532 1863 Corydonis
547 1788 636 1845 habet
649 1798 679 1846 te
693 1807 771 1858 cura,
786 1790 894 1848 venite.

204 1886 237 1943 Τ.
266 1887 362 1942 Immo
377 1903 433 1960 ego
448 1885 595 1943 Sardoniis
609 1885 708 1943 videar
722 1886 774 1944 tibi
788 1887 911 1945 amarior
924 1887 1030 1960 herbis,

201 1981 344 2040 horridior
357 2001 451 2053 rusco,
467 1983 598 2057 proiecta
610 1983 693 2040 vilior
707 1983 780 2057 alga,

200 2083 224 2140 si
240 2082 310 2139 mihi
325 2100 385 2139 non
400 2081 473 2138 haec
487 2083 536 2138 lux
550 2091 612 2138 toto
628 2082 685 2165 iam
701 2081 815 2156 longior
828 2100 907 2139 anno
921 2091 975 2140 est.

202 2181 247 2238 Ite
262 2179 384 2236 domum
398 2178 482 2253 pasti,
497 2178 521 2235 si
535 2179 597 2252 quis
612 2177 716 2253 pudor,
732 2179 770 2235 ite
784 2179 909 2237 iuvenci.

206 2278 239 2335 C.
269 2276 401 2334 Muscosi
415 2276 518 2346 fontes,
535 2285 563 2333 et
578 2294 682 2333 somno
696 2276 811 2333 mollior
824 2276 923 2348 herba,

201 2383 230 2431 et
245 2391 319 2447 quae
334 2390 386 2429 vos
400 2390 463 2428 rara
476 2370 574 2429 viridis
589 2363 659 2446 tegit
674 2372 792 2430 arbutus
805 2373 917 2445 umbra,

201 2474 355 2532 solstitium
369 2473 470 2548 pecori
485 2471 634 2530 defendite
646 2493 654 2546 ;
676 2473 734 2531 iam
748 2474 828 2530 venit
841 2483 935 2530 aestas

201 2570 318 2640 torrida,
334 2570 392 2627 iam
406 2570 486 2627 lento
501 2579 616 2644 turgent
630 2570 660 2626 in
674 2570 793 2643 palmite
807 2588 950 2644 gemmae.

205 2669 238 2727 T.
267 2669 329 2726 Hic
343 2667 426 2725 focus
440 2676 469 2724 et
483 2666 587 2724 taedae
601 2668 734 2742 pingues,
749 2667 798 2724 hic
812 2668 949 2743 plurimus
963 2668 1037 2742 ignis

201 2784 326 2841 semper,
342 2775 372 2823 et
385 2763 510 2822 adsidua
523 2775 622 2839 postes
636 2764 754 2838 fuligine
769 2765 861 2839 nigri,

201 2865 249 2922 hic
264 2873 377 2921 tantum
391 2864 502 2920 Boreae
517 2880 650 2919 curamus
664 2862 778 2936 frigora,
794 2872 933 2936 quantum

201 2973 250 3021 aut
265 2979 418 3020 numerum
432 2961 525 3034 lupuS,
541 2969 590 3016 aut
604 2960 743 3016 torrentia
756 2959 874 3016 flumina
886 2960 973 3034 ripas.

207 3060 240 3117 C.
269 3061 350 3118 Stant
366 3068 394 3115 et
409 3057 541 3132 iuniperi,
557 3067 587 3114 et
601 3067 757 3114 castaneae
772 3057 916 3128 hirsutae;

202 3166 289 3214 strata
303 3157 399 3213 iacent
413 3155 520 3230 passim
535 3173 587 3212 sua
601 3172 716 3229 quaque
731 3154 785 3212 sub
799 3154 901 3210 arbore
914 3171 1022 3228 poma;

202 3254 301 3311 omnia
314 3271 392 3310 nunc
406 3251 521 3309 rident:
544 3260 573 3308 at
588 3253 611 3309 si
627 3252 772 3309 formosus
786 3251 883 3308 Alexis

201 3350 349 3409 montibus
365 3350 408 3407 his
422 3350 517 3420 abeat,
531 3349 631 3407 videas
646 3358 675 3406 et
690 3349 809 3407 flumina
822 3348 911 3406 sicca.

206 3449 239 3505 Τ.
267 3449 336 3504 Aret
351 3465 438 3521 ager3
460 3445 529 3503 vitio
544 3447 670 3504 moriens
686 3447 744 3504 sitit
759 3446 833 3504 a'e'ris
847 3446 957 3517 herba;

203 3544 291 3602 Liber
303 3543 475 3619 pampineas
490 3542 593 3600 invidit
607 3543 727 3602 collibus
741 3544 876 3601 umbras:

245 3673 398 3718 ”bacchata
744 3673 897 3721 ”conturna
913 3676 946 3721 H.
1026 3675 1166 3721 ⁴1Sardois.
1181 3676 1214 3722 H.

245 3746 269 3780 2⁹
278 3754 369 3806 parvos
379 3745 417 3803 (as
428 3747 514 3804 always
525 3747 583 3793 after
592 3747 629 3805 v).
650 3748 678 3794 R.
745 3747 768 3781 ³⁹
777 3750 926 3808 praesaepia.
943 3751 970 3796 R.
1023 3749 1046 3782 ⁴⁸
1057 3751 1125 3804 laeta,
1134 3751 1197 3807 vulg.
