2834 4292
198 307 240 387 98
439 323 487 371 111.
511 306 542 369 T
537 304 578 369 lte
602 307 806 394 Wandering
825 312 1013 393 ofAEneas.
1130 322 1257 388 [AEnarn.

200 490 287 548 Haec
302 500 377 563 sunt,
393 510 468 565 quae
483 502 581 550 nostra
595 493 681 552 liceat
695 504 724 552 te
738 514 813 553 voce
827 498 948 555 moneri.

198 587 282 645 Vade
298 604 362 662 age,
378 598 407 645 et
420 588 569 672 ingentem
583 590 665 648 factis
680 592 723 649 ser
736 592 775 649 ad
788 594 906 651 aethera
919 595 1057 653 Troiam!

240 683 324 756 Quae
338 695 494 759 postquam
509 696 589 744 vates
605 688 647 745 sic
661 706 712 745 ore
728 688 830 747 effatus
844 691 941 749 amico
954 702 1007 763 est,

199 779 280 838 dona
293 780 401 838 dehinc
416 800 487 839 auro
502 784 599 857 gravia
613 793 755 860 sectoque
769 787 927 862 elephanto

198 877 321 952 imperat
335 876 372 934 ad
387 878 467 936 navis
482 878 555 951 ferri,
571 880 716 956 stipatque
731 884 835 942 carinis

199 974 301 1049 ingens
317 984 477 1049 argentum,
493 976 734 1055 Dodonaeosque
747 981 865 1056 lebetas,

198 1072 318 1129 loricam
335 1082 499 1131 consertam
514 1075 607 1159 hamis
621 1094 752 1151 auroque
765 1079 897 1153 trilicem,

199 1180 228 1227 et
243 1188 351 1229 conum
368 1171 485 1247 insignis
500 1172 599 1247 galeae
613 1174 772 1249 cristasque
786 1176 939 1250 comantis,

199 1286 279 1326 arma
293 1269 500 1343 Neoptolemi;
522 1279 588 1327 sunt
602 1279 631 1327 et
645 1289 697 1329 sua
711 1270 791 1329 dona
803 1274 926 1347 parenti.

199 1365 291 1424 Addit
305 1384 405 1441 equos,
420 1365 561 1441 additque
576 1366 687 1441 duces,

199 1464 350 1541 remigium
364 1464 499 1539 supplet;
521 1464 617 1523 socios
631 1465 717 1524 simul
730 1465 843 1527 instruit
856 1469 953 1528 armis.

241 1563 357 1619 Interea
370 1562 493 1619 classem
506 1561 576 1619 velis
590 1572 689 1637 aptare
704 1563 824 1623 iubebat

198 1659 349 1730 Anchises,
364 1659 445 1717 fieret
458 1668 547 1716 vento
561 1677 643 1716 mora
655 1677 694 1717 ne
708 1678 768 1735 qua
780 1662 893 1722 serenti.

200 1758 298 1831 Quem
313 1756 425 1815 Phoebi
438 1756 578 1833 interpres
593 1757 684 1815 multo
700 1760 857 1834 compellat
870 1760 1002 1821 honore:

201 1854 372 1929 ‘Coniugio
388 1854 525 1926 Anchise,
539 1855 662 1913 Veneris
677 1853 796 1930 dignate
811 1858 948 1933 superb0,

147 1945 149 1949 ’
199 1972 268 2010 cura
283 1951 380 2022 deum,
395 1952 439 2010 bis
453 1952 618 2027 Pergameis
633 1962 732 2028 erepte
745 1954 844 2027 ruinis,

200 2069 270 2108 ecce
286 2050 338 2107 tibi
352 2049 498 2107 Ausoniae
512 2049 617 2123 tellus;
639 2050 718 2108 hanc
730 2052 824 2127 arripe
837 2052 918 2112 velis.

201 2150 239 2207 Et
253 2158 351 2206 tamen
365 2146 441 2205 hanc
454 2146 559 2222 pelago
573 2148 784 2223 praeterlabare
798 2168 921 2209 necesse
933 2160 997 2225 est;

199 2244 345 2304 Ausoniae
359 2263 425 2321 pars
440 2243 487 2301 illa
500 2246 611 2319 procul,
626 2264 716 2321 quam
729 2245 833 2322 pandit
847 2247 963 2323 Apollo.

198 2342 282 2401 Vade
295 2343 302 2369 ’
317 2343 356 2399 ait
371 2342 417 2400 ‘0
430 2342 499 2399 felix
512 2342 572 2399 nati
587 2343 705 2417 pietate.
748 2343 829 2417 Quid
842 2346 917 2402 ultra

198 2439 351 2517 provehor,
367 2448 396 2497 et
410 2438 499 2497 fando
515 2440 655 2514 surgentis
671 2439 809 2499 demoror
822 2443 971 2500 austros?'

239 2538 305 2596 Nec
320 2538 413 2595 miuus
427 2536 634 2595 Andromache
649 2537 780 2613 digressu
795 2549 906 2596 maesta
918 2557 1056 2614 supremo

199 2637 252 2694 fert
267 2636 423 2712 picturatas
437 2635 497 2692 auri
511 2633 674 2692 subtemine
688 2644 784 2693 vestes

199 2746 229 2793 et
244 2734 396 2810 Phrygiam
411 2732 538 2790 Ascanio
553 2731 740 2806 chlamydem
759 2733 831 2808 (nec
846 2732 927 2791 cedit
940 2732 1081 2809 honore),

199 2832 402 2906 textilibusque
418 2839 520 2888 onerat
534 2828 629 2901 donis,
645 2848 681 2886 ac
695 2829 764 2886 talia
777 2829 869 2887 satur:

200 2930 328 3005 ‘Accipe
343 2939 372 2987 et
387 2928 470 2999 haee,
486 2945 626 2985 manuum
641 2927 694 2984 tibi
707 2945 784 3001 quae
798 2936 990 2985 monumenta
1003 2946 1134 2987 mearum

199 3028 264 3099 sint,
279 3045 359 3102 puer,
375 3036 405 3084 et
419 3025 539 3100 longum
553 3024 779 3082 Andromachae
793 3033 935 3082 testentur
948 3042 1088 3099 amorem,

199 3125 330 3199 coniugis
347 3126 524 3182 Hectoreae.
567 3124 649 3197 Cape
665 3122 745 3180 dona
759 3132 890 3180 extrema
903 3132 1028 3195 tuorum,

199 3223 227 3282 Ο
242 3222 313 3279 mihi
327 3221 389 3280 sola
402 3220 460 3277 mei
475 3210 562 3295 super
575 3220 758 3296 Astyanactis
773 3220 889 3295 imago:

199 3322 240 3379 sic
255 3318 365 3390 oculos,
381 3318 422 3376 sic
437 3318 483 3375 ille
498 3336 610 3389 manus,
626 3318 668 3375 sic
682 3336 734 3375 ora
748 3318 877 3389 ferebat3

199 3428 228 3476 et
243 3435 321 3475 nunc
335 3415 449 3489 aequali
463 3425 561 3472 tecum
575 3415 749 3491 pubesceret
763 3416 858 3473 aevo!

240 3516 306 3572 Hos
320 3531 376 3587 ego
390 3511 555 3587 digrediens
570 3512 694 3569 lacrimis
708 3511 829 3569 adfabar
841 3512 969 3573 obortis:

133 3620 136 3626 '
200 3612 311 3669 ‘Vivite
325 3588 433 3679 felices
450 3608 554 3683 quibus
569 3618 613 3667 est
627 3608 743 3666 fortuna
756 3618 875 3683 peracta

199 3709 257 3768 iam
271 3726 324 3768 sua
332 3728 342 3781 3
362 3723 418 3765 nos
432 3705 487 3765 alia
500 3723 538 3763 ex
551 3704 612 3763 aliis
627 3705 657 3763 in
671 3706 730 3763 fata
742 3722 890 3764 vocamur.

619 3828 653 3863 ⁴⁷⁵
662 3830 776 3875 Anchisa.
791 3830 825 3875 H.
