2834 4292
216 240 278 303 166
524 256 568 303 vr.
599 236 667 301 The
687 238 810 301 Lowcr
832 238 948 303 World.

211 422 242 481 ni
256 440 327 498 gens
342 420 467 481 crudelis
481 420 602 481 madida
615 440 685 481 cum
697 432 778 481 veste
791 431 940 497 gravatum

211 530 456 596 prensantemque
471 520 554 577 uncis
569 520 702 577 manibus
717 520 815 595 capita
828 538 931 596 aspera
944 521 1053 578 montis

210 618 285 675 ferro
300 617 458 689 invasisset,
473 616 671 693 praedamque
685 617 784 692 ignara
797 626 935 692 putasset

211 716 300 773 Nunc
316 732 364 771 rne
378 713 482 771 fluctus
496 713 593 785 habet,
609 724 780 788 versantque
795 714 825 771 in
838 715 920 772 litore
934 714 1024 772 venti

210 811 301 885 Quod
315 821 343 867 te
358 828 411 886 per
424 810 499 867 caeli
512 808 674 868 iucundum
688 810 788 868 lumen
801 821 831 867 et
844 829 938 883 auras,

208 926 262 983 per
275 908 438 983 genitorem
452 924 515 979 oro,
529 924 583 981 per
596 924 664 981 spes
678 907 820 982 surgentis
834 908 900 979 Iuli,

209 1005 288 1080 eripe
303 1022 350 1061 me
366 1004 419 1076 lris,
433 1004 550 1075 invicte,
565 1004 665 1061 malis:
688 1014 739 1063 aut
751 1013 783 1062 tu
797 1005 869 1062 mihi
882 1014 988 1063 terram

208 1103 295 1173 inice,
310 1120 436 1176 namque
450 1111 544 1176 potes,
559 1110 717 1176 portusque
732 1102 845 1176 require
858 1102 1000 1176 Velinos;

208 1209 259 1259 aut
272 1210 313 1271 tu,
328 1200 353 1257 si
367 1217 426 1274 qua
440 1198 486 1256 via
500 1207 553 1269 est,
568 1198 594 1255 si
608 1216 697 1272 quam
711 1197 764 1257 tibi
776 1198 845 1255 diva
858 1200 982 1257 creatrix

208 1296 487 1370 ostendit-neque
502 1296 590 1368 enirn,
605 1295 705 1367 credo,
720 1296 782 1353 sine
796 1298 916 1355 numine
930 1297 1030 1357 divom

209 1396 327 1454 flumina
341 1403 421 1452 tanta
434 1412 519 1469 paras
533 1394 720 1469 Stygiamque
734 1394 834 1452 innare
849 1395 987 1470 paludem
996 1428 1038 1439 -

208 1494 248 1551 da
261 1493 393 1551 dextram
408 1492 524 1562 misero,
540 1500 569 1549 et
583 1501 682 1550 tecum
696 1510 745 1549 me
759 1492 828 1552 tolle
842 1511 895 1567 per
908 1492 1012 1565 undas,

207 1592 327 1649 sedibus
341 1600 373 1647 ut
387 1590 489 1647 saltem
503 1588 624 1664 placidis
638 1590 667 1647 in
682 1600 777 1648 morte
790 1591 959 1664 quiescam'

247 1688 330 1746 Talia
344 1688 418 1746 fatus
433 1696 502 1758 erat,
518 1688 618 1763 coepit
633 1706 702 1745 cunr
716 1688 784 1745 talia
797 1698 895 1747 vates:

208 1786 315 1846 ‘Unde
330 1786 413 1857 haec,
428 1804 447 1843 o
462 1786 605 1857 Palinure,
620 1786 672 1845 tibi
685 1796 746 1844 tam
760 1786 824 1844 dira
837 1786 967 1863 cupido?

205 1886 253 1943 Tu
267 1883 380 1958 Stygias
393 1883 560 1941 inhumatus
573 1902 663 1959 aquas
678 1902 856 1959 amnemque
870 1903 1004 1944 severum

207 1980 407 2041 Eumenidum
421 1981 554 2055 aspicies,
568 1982 697 2057 ripamve
712 1983 837 2040 iniussus
851 1982 966 2042 adibis?

209 2080 320 2137 Desine
334 2078 393 2135 fata
407 2078 497 2137 deum
512 2078 589 2137 flecti
604 2098 720 2154 sperare
735 2079 894 2155 precando.

207 2176 265 2236 Sed
280 2194 355 2252 cape
370 2176 450 2235 dicta
464 2196 586 2249 memor,
602 2177 666 2235 duri
681 2178 782 2236 solatia
795 2197 889 2239 casus.

207 2278 285 2333 Nam
300 2285 351 2332 tua
363 2274 486 2346 finitimi,
501 2275 587 2350 longe
601 2275 717 2351 lateque
732 2295 784 2351 per
797 2278 882 2336 urbes
937 2322 943 2329 .

206 2372 346 2449 prodigiis
360 2374 419 2430 acti
432 2373 615 2444 caelestibus,
631 2391 697 2431 ossa
710 2373 841 2448 piabunt,

207 2475 236 2521 et
251 2473 378 2521 statuent
391 2464 543 2535 tumulum,
560 2474 589 2521 et
603 2464 714 2521 tumulo
729 2465 882 2523 sollemnia
894 2466 1019 2540 mittent,

206 2572 415 2636 aeternumque
430 2562 513 2619 locus
528 2562 653 2618 Palinuri
667 2580 777 2620 nomen
791 2562 929 2621 habebit!

206 2661 264 2718 His
279 2660 364 2718 dictis
379 2678 465 2717 curae
479 2669 604 2730 emotae,
620 2660 778 2734 pulsusque
793 2678 947 2735 parumper

207 2757 298 2816 corde
312 2758 397 2817 dolor
410 2757 500 2815 tristi:
524 2756 631 2831 gaudet
646 2757 824 2831 cognomine
837 2768 938 2816 terrae.

247 2857 326 2931 Ergo
340 2855 394 2912 iter
407 2855 557 2929 inceptum
572 2864 715 2929 peragunt
728 2854 875 2929 fluvioque
888 2856 1096 2930 propinquant.

207 2953 313 3011 Navita
327 2969 401 3026 quos
417 2951 473 3007 iam
488 2949 558 3008 inde
573 2961 604 3007 ut
618 2951 716 3027 Stygia
729 2953 878 3027 prospexit
892 2953 929 3010 ab
943 2952 1023 3011 unda

205 3069 258 3127 per
272 3049 393 3106 tacitum
407 3065 510 3105 nemus
525 3048 565 3105 ire
580 3047 749 3123 pedemque
763 3048 912 3107 advertere
926 3050 1016 3124 ripae,

206 3148 248 3205 sic
262 3146 340 3223 prior
354 3144 521 3220 adgreditur
535 3145 630 3214 dictis,
645 3154 732 3220 atque
747 3145 879 3220 increpat
892 3147 985 3205 ultro:

207 3244 364 3318 ‘Quisquis
378 3262 418 3313 es,
435 3254 560 3301 armatus
575 3242 625 3317 qui
639 3251 739 3299 nostra
752 3241 791 3299 ad
805 3243 923 3301 flumina
937 3244 1042 3315 tendis,

205 3343 265 3400 fare
280 3358 342 3414 age,
358 3339 429 3415 quid
443 3340 551 3411 venias,
566 3340 625 3397 iam
639 3339 734 3411 istinc,
749 3348 778 3397 et
793 3340 954 3413 comprime
967 3357 1110 3414 gressum.

205 3436 382 3497 Umbrarum
398 3436 446 3493 hic
461 3436 543 3495 locus
558 3446 610 3506 est,
626 3436 722 3495 s'omni
736 3436 888 3511 noctisque
902 3452 1046 3512 soporae3

206 3552 330 3610 corpora
343 3533 407 3589 viva
420 3532 501 3589 nefas
516 3532 614 3607 Stygia
627 3541 742 3590 vectare
757 3533 862 3592 carina.

206 3633 273 3690 Nec
287 3648 356 3691 vero
371 3628 495 3687 Alciden
509 3646 558 3685 me
573 3646 636 3687 sum
650 3629 773 3687 laetatus
787 3639 907 3689 euntem

206 3727 356 3801 accepisse
370 3724 444 3797 lacu,
459 3743 516 3783 nec
529 3726 647 3783 Thesea
661 3724 888 3799 Pirithoumque,

1142 249 1260 314 [man.
