2834 4292
208 295 268 343 120
454 298 499 345 lv.
524 279 712 363 Departure
723 281 819 363 srom
836 277 1008 365 Carthage.

202 463 351 541 multaque
365 472 516 540 praeterea
528 474 628 523 vatum
642 464 795 541 praedicta
807 464 937 540 priorum

203 560 319 621 terribili
333 562 447 620 monitu
462 561 638 621 horrificant.
679 564 748 637 Agit
763 563 826 637 ipse
840 562 985 621 furentem

202 664 232 721 in
247 658 356 719 somnis
371 659 447 717 serus
461 660 596 732 Aeneas3
618 676 794 734 semperque
807 659 931 734 relinqui
1031 660 1035 665 “

202 761 264 821 sola
278 759 340 830 sibi,
355 774 472 831 semper
486 756 605 831 longam
619 756 791 815 incomitata
803 756 918 815 videtur

202 860 243 917 ire
258 859 343 929 viam,
358 866 387 914 et
401 853 504 929 Tyrios
520 852 635 913 deserta
649 871 789 929 quaerere
802 863 887 911 terra.

203 938 403 1015 Eumenidum
417 950 505 1009 veluti
520 949 643 1009 demens
657 949 739 1009 videt
752 950 870 1025 agmina
883 949 1053 1023 Pentheus.

203 1065 232 1113 et
246 1052 337 1112 solem
352 1050 501 1127 geminum
517 1058 546 1105 et
561 1046 685 1122 duplicis
699 1066 731 1106 se
745 1046 902 1106 ostendere
915 1048 1053 1121 Thebas5

203 1161 252 1211 aut
266 1147 518 1226 Agamemnonius
532 1144 645 1203 scaenis
660 1145 784 1219 agitatus
799 1144 919 1205 Orestes

202 1258 343 1307 armatam
356 1245 468 1305 facibus
482 1253 604 1301 matrem
620 1252 649 1299 et
663 1242 846 1317 serpentibus
859 1242 927 1299 atris

203 1366 271 1407 cum
285 1346 366 1421 fugit,
382 1342 556 1416 ultricesque
571 1338 676 1397 sedent
690 1339 721 1396 in
735 1339 834 1397 limine
849 1338 947 1398 Dirae.

244 1445 323 1519 Ergo
337 1442 387 1501 ubi
401 1440 540 1515 concepit
554 1438 640 1497 furias
656 1436 751 1494 evicta
765 1434 867 1494 dolore

203 1541 391 1616 decrevitque
407 1538 489 1610 mori,
505 1546 620 1612 tempus
635 1552 738 1591 secum
752 1534 816 1609 ipsa
828 1532 1012 1609 modumque

204 1640 300 1715 exigit,
315 1649 354 1711 et,
369 1646 510 1697 maestam
524 1633 612 1692 dictis
626 1630 766 1707 adgressa
778 1648 919 1701 sororem,

204 1736 358 1797 consilium
370 1735 450 1794 voltu
465 1733 545 1809 tegit,
559 1750 595 1790 ac
609 1747 696 1805 spem
710 1728 805 1787 fronte
820 1738 952 1787 serenat:

244 1833 375 1904 ‘Inveni
389 1847 537 1906 germana,
551 1828 629 1887 viam
639 1836 798 1901 -gratare
813 1826 952 1883 sorori-

203 1950 279 2008 quae
294 1930 365 1990 mihi
379 1927 483 1986 reddat
497 1944 575 1996 eum,
589 1923 636 1983 vel
650 1941 687 1982 eo
702 1940 751 1981 me
766 1923 859 1981 solvat
871 1930 1029 1981 amantem.

205 2028 318 2088 Oceani
333 2028 422 2085 finem
437 2026 516 2082 iuxta
529 2022 680 2097 solemque
699 2019 858 2079 cadentem

203 2127 320 2185 ultimus
334 2122 513 2197 Aethiopum
527 2121 609 2179 locus
624 2128 676 2189 est,
692 2118 744 2176 ubi
761 2135 914 2175 maxumus
929 2117 1008 2176 Atlas

204 2240 289 2280 axem
305 2222 425 2279 humero
440 2228 556 2294 torquet
570 2215 658 2275 stellis
672 2216 841 2275 ardentibus
856 2227 977 2292 aptum:

204 2320 273 2376 hinc
288 2317 358 2375 milri
374 2316 518 2392 Massylae
533 2315 628 2391 gentis
643 2325 803 2373 monstrata
817 2314 965 2385 sacerdos,

205 2414 405 2490 Hesperidum
418 2413 521 2489 templi
535 2424 643 2484 custos,
659 2414 818 2487 epulasque
833 2412 955 2471 draconi

105 2508 108 2511 ’
204 2530 279 2587 quae
293 2511 391 2582 dabat,
406 2520 436 2569 et
449 2528 547 2569 sacros
562 2512 694 2569 servabat
710 2512 739 2569 in
755 2512 858 2571 arbore
872 2530 979 2584 ramos,

204 2628 341 2686 spargens
356 2608 456 2667 umida
470 2607 556 2669 mella
571 2608 823 2684 soporiferumque
838 2628 975 2687 papaver.

205 2709 292 2766 Haec
306 2726 338 2767 se
353 2707 528 2766 carminibus
542 2706 684 2782 promittit
700 2708 812 2767 solvere
827 2718 942 2769 mentes

204 2825 276 2881 quas
291 2807 367 2877 velit,
382 2816 426 2864 ast
441 2805 500 2863 aliis
518 2804 605 2864 duras
622 2806 778 2864 immittere
794 2824 888 2876 curas,

204 2904 304 2961 sistere
319 2922 424 2977 aquam
438 2903 539 2973 fluviis,
555 2913 585 2961 et
601 2913 713 2960 vertere
728 2902 825 2961 sidera
836 2912 934 2975 retro;

204 3009 420 3074 nocturnosque
436 3010 535 3059 movet
550 3002 665 3062 Manis:
690 3002 802 3077 mugire
816 3001 928 3060 videbis

204 3098 258 3156 sub
273 3096 397 3172 pedibus
412 3108 527 3171 terram,
544 3109 574 3158 et
590 3099 773 3159 descendere
789 3099 938 3159 montibus
951 3113 1049 3157 ornos

204 3197 318 3266 Testor,
334 3213 409 3266 cara,
424 3194 498 3253 deos
513 3207 595 3269 etta,
610 3216 758 3273 germana,
773 3206 914 3271 tuumque

205 3292 292 3353 dulce
307 3303 404 3368 caput,
418 3295 549 3371 magicas
566 3296 685 3355 invitam
700 3294 849 3368 accingier
861 3302 946 3353 artes.

204 3392 251 3448 Tu
265 3400 377 3451 secreta
390 3413 492 3471 pyrarn
506 3403 586 3453 tecto
602 3391 738 3451 interiore
753 3391 808 3449 sub
822 3408 905 3449 auras

206 3489 292 3564 erige,
308 3499 338 3547 et
351 3510 431 3551 arma
444 3492 506 3564 viri,
521 3490 651 3550 thalamo
665 3507 742 3564 quae
757 3487 815 3544 fixa
828 3487 943 3562 reliquit

205 3590 319 3665 impius,
336 3590 511 3665 exuviasque
526 3588 632 3660 omnis,
646 3588 815 3660 lectumque
830 3585 965 3659 iugalem,

206 3706 266 3764 quo
280 3688 361 3763 perii,
377 3687 618 3761 superimponas:
642 3682 758 3741 abolere
772 3680 893 3739 nefandi

321 3810 354 3845 ⁴⁶⁴
359 3813 463 3869 piorum.
479 3810 508 3859 R.
601 3808 634 3843 ⁴⁸⁶
645 3808 752 3854 Omitted
763 3808 819 3852 here
830 3808 879 3852 and
889 3806 976 3864 placed
986 3804 1045 3851 alter
1055 3804 1097 3851 ⁶¹⁷.
1114 3804 1147 3851 R.
