2834 4292
197 308 240 373 26
573 307 735 371 Pastaral
752 307 883 373 Poenis.
1135 317 1251 384 [Bnoor.

200 492 305 567 Tityre,
321 492 391 550 dum
407 492 636 552 redeo-brevis
650 500 694 550 est
703 493 755 551 aia
764 501 898 569 -pasce
911 493 1045 569 capellas,

195 597 333 665 etpotam
342 598 449 666 pastas
462 607 522 664 age,
541 590 646 664 iimo,
661 597 692 647 et
708 591 786 647 inter
797 590 941 665 mendum

195 705 350 744 occursare
364 696 461 763 capro,
476 685 653 760 cornujcrit
662 687 718 758 ille,
733 694 840 745 caveto.

195 784 243 842 M
273 785 369 842 Immo
384 784 468 856 haec,
483 801 558 859 quae
572 784 650 842 Varo
664 783 795 841 necdum
808 783 940 859 perfecta
953 783 1096 843 canebat:

203 880 285 952 Vare,
300 890 382 939 tuam
398 901 511 954 namen,
526 888 642 957 saperet
652 882 737 938 mado
750 881 884 939 Mantua
898 881 1027 939 nabis-

194 978 336 1051 Mantaa,
351 997 405 1037 oae
419 979 541 1037 miserae
554 979 680 1036 nimiam
694 978 793 1036 ai'cina
812 978 1023 1037 Cremonae-

195 1082 345 1133 cantantes
357 1074 587 1149 sublimescunt
597 1076 642 1132 ad
650 1075 750 1133 sidera
765 1077 853 1150 cycni.

195 1172 230 1230 L.
258 1172 306 1231 Sic
320 1181 370 1230 tua
384 1173 513 1248 Cyrneas
528 1172 638 1248 fugiant
651 1172 788 1230 examina
800 1182 904 1246 taxos3

195 1272 239 1329 sic
253 1271 345 1347 cytiso
359 1280 460 1347 pastae
475 1271 644 1330 distendant
658 1272 749 1330 ubera
762 1275 890 1330 vaccae!

196 1369 308 1444 Incipe,
323 1368 347 1428 si
361 1368 432 1444 quid
446 1369 555 1428 habes:
578 1379 608 1427 et
622 1387 671 1427 me
685 1370 782 1427 fecere
798 1372 918 1446 poitam

195 1464 346 1538 Pierides;
368 1475 434 1524 sunt
448 1465 562 1524 etmihi
577 1467 726 1539 carmina;
748 1485 796 1524 me
810 1484 930 1542 quoque
944 1465 1047 1524 dicunt

194 1571 291 1620 vatem
304 1571 454 1639 pastores3
476 1562 530 1621 sed
544 1581 604 1621 non
619 1581 676 1638 ego
690 1563 827 1622 credulus
842 1564 905 1622 iilis.

195 1659 274 1717 Nam
287 1677 384 1734 neque
398 1659 496 1718 adhuc
508 1660 597 1718 Vario
611 1659 723 1732 videor,
737 1680 794 1719 nec
809 1660 908 1718 dicere
923 1661 1019 1720 Cinna

195 1754 292 1830 digna,
307 1755 362 1813 sed
376 1766 491 1831 argutos
505 1756 581 1814 inter
594 1766 723 1833 strepere
737 1775 822 1815 anser
835 1757 939 1816 olores.

194 1853 241 1911 M.
271 1850 308 1909 Id
322 1852 443 1927 quidem
457 1872 513 1928 ago
528 1862 558 1912 et
571 1854 685 1926 tacitus,
701 1853 821 1930 Lycida,
836 1873 955 1912 mecum
969 1855 1033 1930 ipse
1046 1854 1121 1913 volu!

194 1949 219 2008 si
232 1949 344 2008 valeam
359 1951 546 2024 meminisse;
567 1969 664 2027 neque
680 1961 724 2009 est
738 1951 865 2027 ignobile
881 1969 1017 2010 carmen:

193 2046 265 2104 Huc
278 2049 356 2118 ades,
377 2047 404 2106 0
422 2048 549 2106 Galatea
557 2070 570 2115 ,·
591 2050 656 2124 qais
668 2058 714 2106 est
725 2067 794 2106 nam
809 2050 897 2106 ludus
910 2050 942 2107 in
956 2050 1070 2106 undist

193 2143 256 2202 Hic
268 2163 321 2206 aer
327 2153 512 2220 purpureum
523 2168 535 2211 ,·
556 2147 657 2204 van'as
670 2145 857 2220 hicstamina
871 2147 981 2204 circum

192 2239 302 2314 ficnrd't
313 2241 421 2298 humus
427 2241 542 2316 flores,·
562 2242 610 2300 nic
623 2244 753 2300 candida
760 2244 888 2318 papulus
901 2251 988 2301 antro

193 2338 332 2409 imminet,
346 2346 378 2396 et
386 2339 481 2396 lentae
494 2346 601 2397 texunt
611 2340 785 2396 umbracula
799 2341 878 2398 vites.

192 2433 264 2502 Huc
277 2435 366 2493 ades:
387 2435 491 2494 insani
492 2435 615 2509 feriant
624 2437 687 2493 sine
699 2437 788 2493 litora
794 2435 915 2510 fluctus.

192 2530 228 2588 L.
258 2531 348 2605 Quid,
363 2550 439 2607 quae
453 2542 482 2590 te
497 2551 569 2608 pura
582 2533 676 2590 solum
690 2534 745 2591 sub
760 2543 848 2592 nocte
863 2543 1018 2592 canentem

193 2625 363 2687 audieram?
390 2629 537 2687 Numeros
551 2630 681 2700 memini,
697 2631 723 2688 si
735 2631 824 2688 verba
837 2640 978 2689 tenerem.

192 2726 240 2784 M.
268 2725 403 2801 Daphni,
418 2727 494 2801 quid
502 2728 639 2802 antiquas
652 2729 802 2802 signorum
815 2730 937 2804 suspicis
950 2732 1057 2786 artas?

192 2823 271 2880 Ecce
284 2824 418 2882 Dionaei
424 2825 570 2899 processit
585 2823 724 2882 Caesan's
737 2833 861 2896 astrum,

192 2928 317 2992 astmm,
331 2939 388 2995 qua
401 2929 502 2995 segetes
510 2921 676 2996 gauderent
676 2921 828 2996 frugibus,
843 2930 940 2998 etqua

191 3019 309 3075 duceret
319 3019 427 3093 apricis
441 3020 473 3076 in
488 3018 607 3075 callibus
621 3036 679 3076 aaa
694 3020 827 3077 calorem.

119 3180 121 3184 ¹
191 3114 300 3186 Insere,
314 3115 448 3190 Daphni,
457 3116 562 3191 piros:
583 3123 707 3191 carpent
718 3125 770 3173 tua
778 3125 870 3191 poma
885 3124 1007 3192 nepotes.

233 3211 342 3271 Omnia
355 3212 410 3269 fert
424 3221 512 3283 aetas,
528 3212 658 3270 animum
672 3230 810 3288 quoque:
832 3231 922 3289 saepe
936 3231 992 3288 ego
1006 3213 1110 3288 longos

192 3308 340 3367 cantando
355 3325 478 3383 puerum
492 3309 613 3368 memini
628 3327 676 3367 me
691 3309 821 3368 condere
836 3310 930 3369 soles:

191 3424 270 3463 nunc
284 3404 374 3463 oblita
387 3406 459 3465 mihi
472 3415 516 3465 tot
530 3407 678 3480 carmina;
699 3426 757 3466 vox
771 3426 890 3483 quoque
906 3407 1034 3466 Moerim

190 3503 250 3560 iam
264 3503 336 3577 fugit
349 3501 431 3577 ipsa;
453 3503 514 3579 lupi
529 3504 655 3562 Moerim
669 3503 768 3563 videre
783 3505 904 3580 priores.

191 3597 250 3658 Sed
263 3609 363 3658 tamen
377 3599 432 3658 ista
445 3600 513 3659 satis
526 3600 630 3660 reseret
644 3601 697 3660 tibi
712 3619 799 3677 saepe
815 3601 976 3660 Menalcas.

602 3803 625 3838 ⁸⁰
634 3805 769 3862 exagmina.
785 3805 813 3850 R.
