2834 4292
180 325 217 372 12
549 309 712 373 pastoral
729 309 857 374 Poems.

176 503 205 552 et
219 492 309 552 durae
323 509 450 568 quercus
464 492 612 552 sudabunt
625 493 743 552 roscida
756 494 851 552 mella.

177 593 274 650 Pauca
288 602 387 650 tamen
401 593 541 650 suberunt
555 593 668 667 priscae
681 593 803 667 vestigia
816 591 933 664 fraudis,

150 693 155 704 '
176 707 252 764 quae
267 699 410 765 temptare
424 689 542 747 Thetim
556 690 674 760 ratibus,
690 707 765 764 quae
781 690 897 765 cingere
912 689 1001 748 muris

176 785 295 862 oppida,
311 804 386 862 quae
400 787 521 845 iubeant
533 787 627 845 telluri
641 785 785 844 infindere
799 787 914 845 sulcos:

176 884 247 941 alter
260 884 314 941 erit
328 894 391 941 tum
401 884 522 960 Tiphys,
537 894 567 942 et
581 885 670 941 altera
684 901 760 958 quae
774 883 861 942 vehat
874 887 954 959 Argo

177 980 308 1038 delectos
322 980 445 1054 heroas,
467 990 551 1038 erunt
565 981 654 1038 etiam
668 980 758 1037 altera
772 980 857 1052 bella,

177 1087 263 1152 atque
278 1078 383 1135 iterum
397 1077 436 1136 ad
449 1078 568 1136 Troiam
583 1095 705 1152 magnus
720 1078 850 1135 mittetur
862 1077 999 1136 Achilles.

218 1175 309 1246 Hinc,
325 1175 374 1234 ubi
388 1175 447 1233 iam
461 1175 574 1232 firmata
587 1174 679 1232 virum
693 1183 723 1231 te
738 1174 839 1232 fecerit
852 1184 941 1247 aetas,

177 1270 265 1329 cedet
280 1281 308 1329 et
323 1272 385 1347 ipse
401 1271 472 1328 mari
485 1281 594 1342 vector,
610 1288 666 1328 nec
679 1271 797 1328 nautica
810 1272 897 1346 pinus

177 1369 300 1427 mutabit
314 1386 445 1427 merces:
467 1368 562 1426 omnis
577 1368 649 1426 feret
663 1368 763 1425 omnia
776 1368 878 1425 tellus:

177 1484 237 1523 non
252 1470 358 1523 rastros
372 1465 498 1540 patietur
512 1465 626 1536 humus,
641 1483 703 1523 non
716 1466 803 1522 vinea
815 1465 940 1537 salcem3

177 1563 312 1620 robustus
327 1579 446 1636 quoque
460 1563 519 1620 iarn
532 1563 620 1619 tauris
634 1563 702 1636 iuga
715 1562 808 1620 solvet
820 1572 933 1633 arator;

177 1678 235 1716 nec
248 1659 341 1718 varios
357 1658 451 1717 discet
465 1659 580 1716 mentiri
595 1659 661 1716 lana
675 1658 806 1716 colores:

178 1756 240 1831 ipse
255 1754 309 1813 sed
324 1756 353 1812 in
368 1756 455 1830 pratis
470 1755 543 1812 aries
558 1755 616 1812 iam
631 1773 719 1813 suave
733 1755 848 1812 rubenti

178 1853 298 1923 murice,
313 1853 371 1909 iam
386 1870 493 1909 croceo
508 1851 631 1910 mutabit
644 1852 750 1909 vellera
763 1852 824 1909 luto
835 1872 844 1924 ;

178 1959 283 2025 sponte
298 1968 350 2006 sua
363 1948 475 2024 sandyx
488 1949 634 2022 pascentis
647 1949 753 2005 vestiet
765 1967 867 2023 agnos.

218 2047 300 2103 Talia
314 2046 418 2116 saecla,
434 2046 492 2103 suis
507 2044 649 2116 dixerunt,
665 2045 779 2115 currite,
793 2045 863 2102 susis

180 2142 343 2201 concordes
358 2143 453 2200 stabili
467 2142 592 2200 fatorum
606 2143 727 2199 numine
742 2143 859 2200 Parcae.

218 2238 389 2315 Adgredere
410 2238 437 2297 O
457 2237 730 2313 magnos—aderit
745 2238 802 2295 iam
817 2239 1138 2313 tempus—honores,

179 2355 247 2394 cara
261 2335 350 2393 deum
364 2335 489 2407 suboles,
504 2353 645 2410 magnum
659 2335 738 2392 Iovis
753 2334 985 2394 incrementum!

178 2433 287 2507 Aspice
301 2450 434 2490 convexo
448 2441 600 2490 nutantem
614 2430 747 2506 pondere
762 2430 915 2501 mundum,

179 2541 326 2603 terrasque
341 2538 508 2602 tractusque
522 2529 609 2586 maris
624 2529 799 2602 caelumque
814 2527 1011 2602 profundum!

178 2627 295 2702 Aspice,
310 2636 432 2684 venturo
446 2625 589 2683 laetentur
603 2635 634 2682 ut
649 2625 749 2683 omnia
763 2625 860 2682 saeclo
874 2628 881 2681 l

220 2724 247 2783 O
262 2723 333 2781 mihi
347 2733 407 2780 tam
421 2722 526 2797 longae
541 2732 659 2779 maneat
673 2740 739 2797 pars
753 2723 855 2779 ultima
868 2723 953 2793 vitae,

179 2821 294 2896 spiritus
313 2828 343 2878 et
362 2830 505 2894 quantum
519 2829 564 2876 sat
577 2820 631 2876 erit
644 2829 694 2876 tua
707 2818 807 2876 dicere
822 2820 917 2876 facta!

179 2920 249 2976 Non
264 2937 311 2975 me
326 2918 501 2975 carminibus
515 2918 613 2974 vincet
626 2935 683 2973 nec
697 2916 839 2973 Thracius
854 2915 999 2990 Orpheus,

178 3034 235 3073 nec
250 3016 349 3086 Linus,
365 3014 434 3072 huic
448 3024 541 3073 mater
555 3014 686 3089 quamvis
700 3023 788 3086 atque
804 3013 873 3071 huic
886 3023 970 3087 pater
982 3013 1067 3086 adsit,

179 3113 289 3188 Orphei
304 3113 463 3187 Calliopea,
479 3111 554 3168 Lino
568 3111 712 3169 formosus
726 3111 842 3185 Apollo,

179 3212 240 3269 Pan
255 3211 351 3280 etiam,
366 3207 492 3267 Arcadia
506 3225 623 3264 mecum
638 3208 661 3265 si
675 3207 773 3266 iudice
789 3217 889 3280 certet,

179 3303 240 3358 Pan
254 3301 342 3357 etiam
355 3297 481 3356 Arcadia
495 3297 574 3355 dicat
587 3316 619 3354 se
634 3297 732 3355 iudice
746 3298 865 3356 victum.

219 3398 332 3472 Incipe,
346 3413 435 3472 parve
449 3413 531 3470 puer,
545 3396 604 3452 risu
618 3413 798 3469 cognoscere
814 3405 945 3467 matrem,

176 3495 261 3552 matri
273 3496 361 3569 longa
375 3492 481 3551 decem
496 3493 622 3550 tulerunt
636 3490 751 3549 fastidia
764 3510 890 3550 menses.

178 3593 291 3667 Incipe,
305 3609 393 3665 parve
408 3608 489 3672 puer,
504 3589 553 3648 cui
566 3607 628 3647 uon
641 3589 729 3647 risere
744 3599 887 3663 parentes,

176 3706 232 3748 nec
247 3687 321 3746 deus
335 3688 414 3745 hunc
429 3705 538 3758 mensa,
554 3685 611 3744 dea
625 3704 681 3743 nec
696 3685 816 3761 dignata
829 3686 917 3744 cubili
931 3696 985 3746 est.

165 3843 168 3852 ,
262 3801 380 3850 ⁵⁵vincat.
397 3803 424 3850 R.
511 3801 533 3836 ⁶⁷
547 3801 812 3863 Caliopea,formoms.
828 3802 856 3850 R.
942 3802 1088 3851 ”nubilata
1104 3805 1133 3853 R.
