2834 4292
214 284 273 334 102
449 283 497 331 111.
521 265 553 329 T
548 266 589 330 lze
613 265 816 349 Wandering
835 267 1024 349 osAEneas.
1142 280 1269 341 [AEnam.

209 472 290 511 arma
304 452 413 527 procul,
430 452 549 527 paulum
563 461 686 527 aspectu
700 451 873 509 conterritus
888 451 991 524 haesit,

209 550 410 624 continuitque
426 548 549 624 gradum
561 570 570 622 ;
592 567 661 606 mox
674 567 739 607 sese
753 548 793 605 ad
806 548 891 606 litora
903 567 1047 625 praeceps

209 667 277 707 cum
292 647 359 729 fletu
374 646 569 721 precibusque
585 646 666 704 tulit:
690 648 765 703 ‘Per
778 645 874 703 sidera
887 655 986 718 testor,

208 763 261 821 per
275 761 396 819 superos
411 753 499 817 atque
513 743 571 801 hoc
586 742 659 800 caeli
674 743 807 817 spirabile
822 743 931 813 lumen,

207 843 298 901 tollite
313 858 371 911 me,
386 840 512 911 Teucri;
535 857 735 914 quascumque
750 838 888 898 abducite
903 848 1013 915 terras,

208 939 265 998 hoc
280 948 324 995 sat
338 938 399 995 erit.
442 936 509 995 Scio
521 918 572 993 ine
588 936 697 995 Danais
713 954 729 993 e
744 934 884 993 classibus
899 954 1000 1009 unum,

207 1045 237 1093 et
251 1035 328 1093 bello
344 1034 449 1092 Iliacos
464 1032 556 1089 fateor
570 1034 688 1107 petiisse
704 1033 820 1090 Penatis
830 1052 850 1105 ;.

206 1150 260 1208 pro
275 1150 343 1207 quo,
359 1132 383 1189 si
398 1130 513 1189 sceleris
529 1138 609 1187 tanta
623 1139 667 1187 est
682 1130 784 1187 iniuria
797 1129 897 1201 nostri,

206 1230 331 1305 spargite
346 1246 393 1285 me
410 1228 439 1285 in
454 1228 567 1299 fluctus
582 1237 723 1301 vastoque
738 1227 890 1301 inmergite
904 1236 1007 1302 ponto.

206 1327 236 1385 Si
250 1344 348 1401 pereo,
365 1326 517 1383 hominum
531 1324 664 1383 manibus
679 1324 798 1399 periisse
813 1324 940 1383 iuvabit.'

206 1424 336 1495 Dixerat,
352 1432 381 1481 et
395 1440 490 1498 genua
505 1422 656 1496 amplexus
672 1422 853 1495 genibusque
867 1422 999 1480 volutans

206 1521 353 1579 haerebat.
396 1520 454 1594 Qui
470 1520 514 1591 sit,
530 1519 591 1589 fari,
607 1536 666 1593 quo
682 1519 822 1593 sanguine
838 1528 942 1590 cretus,

205 1617 373 1690 hortamur;
394 1635 469 1692 quae
485 1615 594 1673 deinde
611 1616 702 1690 agitet
716 1616 839 1687 lorturta,
853 1616 945 1673 fateri.

205 1716 275 1789 Ipse
289 1724 373 1789 pater
388 1713 519 1771 dextram
533 1712 687 1783 Anchises,
702 1712 782 1770 haud
797 1713 888 1769 multa
901 1722 1037 1786 moratus,

205 1812 256 1869 dat
270 1812 375 1883 iuveni,
392 1822 479 1885 atque
496 1811 625 1869 animum
641 1810 787 1884 praesenti
802 1810 924 1885 pignore
939 1810 1042 1868 firmat.

205 1910 257 1966 Ille
273 1909 355 1979 haec,
371 1908 506 1982 deposita
521 1905 643 1965 tandem
658 1905 823 1977 formidine,
838 1907 930 1963 fatur:

245 2006 334 2063 ‘Sum
349 2006 441 2079 patria
456 2022 492 2061 ex
507 2005 618 2075 Ithaca,
635 2021 737 2061 comes
754 2003 877 2061 infelicis
891 2003 978 2073 Ulixi,

203 2103 322 2161 nomine
339 2101 582 2172 Achaemenides,
597 2087 717 2159 Troiam
731 2100 862 2174 genitore
879 2099 1039 2158 Adamasto

202 2216 332 2273 paupere
341 2198 599 2272 -mansissetque
614 2197 726 2255 utinam
740 2196 855 2253 fortuna
868 2199 874 2254 Ξ
886 2230 926 2238 -
936 2196 1093 2272 profectus.

204 2297 266 2353 Hic
281 2312 337 2365 me,
353 2295 425 2353 dum
440 2294 545 2370 trepidi
561 2294 690 2353 crudelia
703 2293 803 2351 limina
818 2292 962 2369 linquunt,

201 2393 379 2450 inmemores
393 2393 465 2451 socii
479 2402 560 2450 vasto
576 2393 714 2469 Cyclopis
729 2394 759 2452 in
776 2406 861 2453 antro

202 2490 366 2547 deseruere.
409 2492 523 2549 Domus
538 2493 618 2550 sanie
636 2492 819 2568 dapibusque
835 2496 970 2569 cruentis,

202 2587 278 2643 intus
293 2605 395 2661 opaca,
411 2588 532 2663 ingens,
554 2590 616 2664 ipse
632 2591 748 2664 arduus,
765 2595 879 2670 altaque
893 2596 990 2671 pulsat

201 2683 344 2740 sidera-
354 2684 401 2755 Di,
417 2686 505 2742 talem
520 2687 602 2744 terris
617 2690 735 2748 avertite
754 2702 869 2766 pestem
882 2696 939 2751 l·-

200 2799 258 2839 nec
271 2782 333 2840 visu
348 2782 439 2839 facilis
454 2801 509 2839 nec
525 2783 605 2842 dictu
621 2786 753 2846 adfabilis
767 2790 825 2847 ulli.

200 2879 553 2939 Visceribusmiserorum
570 2892 599 2939 et
613 2886 754 2961 sanguine
770 2888 895 2945 vescitur
908 2898 979 2949 atro.

199 2976 269 3033 Vidi
284 2986 410 3051 egomet,
426 2976 485 3034 duo
501 2977 539 3035 de
555 2998 678 3039 numero
695 3001 763 3040 curn
779 3003 902 3060 corpora
916 2996 1016 3045 nostro

200 3091 306 3147 prensa
320 3092 408 3132 manu
422 3094 537 3151 magna,
555 3077 654 3136 medio
670 3080 821 3155 resupinus
836 3083 866 3139 in
881 3094 974 3155 antro,

199 3170 343 3244 frangeret
358 3170 396 3228 ad
410 3191 521 3244 saxum,
538 3175 677 3249 sanieque
693 3195 810 3252 aspersa
824 3189 957 3239 natarent

199 3267 317 3339 limina;
339 3268 399 3326 vidi
413 3280 475 3327 atro
492 3289 560 3329 cum
575 3273 707 3330 membra
722 3273 840 3333 fluentia
854 3277 923 3335 tabo

199 3363 360 3437 manderet,
377 3376 406 3424 et
421 3367 512 3443 tepidi
527 3378 685 3428 tremerent
699 3371 755 3428 sub
770 3371 905 3431 dentibus
920 3383 1006 3432 artus.

200 3461 292 3519 Haud
308 3463 426 3538 impune
442 3464 582 3540 quidem;
605 3485 662 3523 nec
677 3468 745 3524 talia
759 3486 860 3543 passus
874 3472 984 3542 Ulixes,

199 3558 341 3617 oblitusve
353 3562 396 3618 sui
411 3571 454 3619 est
470 3562 588 3619 Ithacus
604 3561 771 3621 discrimine
786 3575 877 3625 tanto.

199 3656 278 3715 Nam
292 3657 376 3715 simul
392 3659 524 3733 expletus
539 3659 663 3735 dapibus
679 3662 806 3737 vinoque
821 3666 950 3739 sepultus

313 3782 471 3842 enkejeeted
481 3786 552 3843 byR
647 3785 805 3845 tueatpersa.
822 3790 884 3838 Con.
985 3792 1093 3841 ⁶²⁹tut'rt.
1109 3796 1138 3842 R.
