2834 4292
206 293 264 371 178
517 305 562 351 v1.
593 286 624 348 Τ
618 287 659 351 lte
680 287 801 351 Lowcr
822 287 939 353 World.
1130 296 1252 359 [AEuam.
1350 365 1353 371 Ι

202 472 342 551 egregius,
357 472 381 532 si
395 490 535 549 umquam
549 471 732 548 regnandam
746 474 893 549 acceperit
906 460 1020 533 Albam.
1208 487 1254 531 πο

202 572 262 645 Qui
275 572 414 629 iuvenes!
456 570 588 643 Quantas
605 578 761 642 ostentant,
775 571 883 645 aspice,
897 572 982 644 vires,

201 679 288 742 atque
303 668 436 725 umbrata
449 675 554 742 gerunt
567 666 644 724 civili
658 677 792 742 tempora
805 684 916 741 quercu
928 672 935 727 l

202 766 245 823 Hi
259 764 312 822 tibi
326 764 509 822 Nomentum
523 774 554 821 et
568 764 678 822 Gabios
692 764 853 838 urbemque
867 764 1022 840 Fidenam,

201 862 231 919 hi
246 861 404 920 Collatinas
419 862 572 935 imponent
586 860 735 919 montibus
749 878 841 933 arces,

202 959 351 1017 Pometios
366 958 559 1033 Castrumque
574 957 641 1015 Inui
654 956 816 1031 Bolamque
830 958 1006 1035 Coramque.

202 1056 289 1113 Haec
302 1063 365 1113 tum
378 1054 500 1113 nomina
513 1063 606 1126 erunt,
620 1071 701 1112 nunc
715 1063 782 1113 sunt
795 1055 858 1113 sine
872 1057 992 1115 nomine
1006 1065 1109 1117 terrae.

242 1152 341 1225 ‘Quin
355 1161 384 1209 et
398 1169 453 1210 avo
469 1152 610 1209 comitem
623 1168 688 1209 sese
704 1152 865 1211 Mavortius
878 1151 969 1212 addet

201 1249 354 1320 Romulus,
369 1248 502 1306 Assaraci
516 1265 605 1323 quem
618 1248 768 1324 sanguinis
782 1248 836 1307 Ilia
849 1259 942 1307 mater

200 1347 318 1405 educet.
359 1326 466 1417 Viden]
481 1354 513 1402 ut
525 1346 660 1421 geminae
674 1356 752 1404 stant
764 1347 873 1405 vertice
887 1347 1000 1420 cristae,

200 1455 230 1503 et
243 1453 326 1520 pater
338 1444 402 1519 ipse
416 1461 470 1502 suo
484 1462 622 1519 superum
635 1444 693 1503 iarn
708 1446 803 1520 signat
815 1445 948 1505 honore?

201 1543 258 1614 En,
273 1526 367 1613 huius,
383 1550 459 1613 nate,
475 1541 610 1617 auspiciis
625 1542 672 1599 illa
685 1542 796 1601 incluta
809 1545 908 1603 Roma

199 1640 354 1715 imperium
367 1640 457 1712 terris,
472 1640 585 1697 animos
599 1640 736 1715 aequabit
750 1640 889 1716 Olympo,

201 1748 376 1814 septemque
389 1755 449 1794 una
460 1737 516 1795 sibi
529 1754 613 1795 muro
628 1736 820 1796 circumdabit
833 1756 925 1813 arces,

200 1836 270 1895 selix
283 1837 365 1913 prole
379 1837 490 1896 virum:
512 1835 605 1910 qualis
619 1836 792 1913 Berecyntia
805 1848 899 1897 mater

199 1935 345 1994 invehitur
358 1952 443 1993 curru
457 1934 594 2009 Phrygias
607 1934 707 1992 turrita
719 1952 772 2009 per
785 1935 881 2008 urbes,

201 2034 278 2092 laeta
291 2033 381 2094 deum
394 2043 487 2110 partu,
502 2043 622 2091 centum
636 2033 793 2108 complexa
804 2044 939 2110 nepotes,

202 2148 306 2189 omnes
320 2130 483 2201 caelicolas,
497 2148 601 2188 omnes
616 2147 723 2205 supera
736 2130 794 2188 alta
806 2139 951 2190 tenentes.

241 2229 331 2287 ‘Huc
344 2229 475 2305 geminas
489 2248 570 2288 nunc
584 2228 670 2288 flecte
685 2228 774 2301 acies,
788 2229 865 2287 hanc
878 2230 978 2306 aspice
992 2240 1111 2308 gentem

201 2326 411 2401 Romanosque
423 2335 500 2385 tuos.
542 2325 605 2385 Hic
618 2326 729 2386 Caesar
742 2335 773 2385 et
785 2327 883 2385 omnis
897 2327 953 2386 Iuli

173 2471 182 2502 r
200 2423 363 2498 progenies,
378 2442 517 2499 magnum
530 2424 605 2482 caeli
619 2432 742 2483 ventura
754 2423 810 2483 sub
823 2442 918 2483 axem.

202 2520 263 2578 Hic
276 2520 327 2591 vir,
342 2520 390 2578 hic
406 2530 458 2592 est,
473 2521 526 2580 tibi
539 2538 629 2595 quem
643 2520 774 2596 promitti
787 2522 904 2596 saepius
918 2521 1010 2597 audis,

201 2619 346 2691 Augustus
361 2617 479 2689 Caesar,
495 2618 564 2681 Divi
577 2635 678 2693 genus,
692 2631 783 2676 =aurea
796 2617 907 2678 condet

201 2714 318 2772 saecula
331 2714 380 2789 qui
394 2733 491 2773 rursus
506 2715 590 2775 Latio
604 2724 724 2791 regnata
738 2732 792 2790 per
805 2733 874 2773 arva

201 2811 323 2870 Saturno
337 2809 498 2886 quondam,
514 2829 601 2887 super
614 2821 645 2870 et
659 2812 852 2872 Garamantas
865 2823 896 2870 et
909 2812 1003 2874 Indos

200 2908 328 2985 proferet
340 2908 494 2983 imperium
507 2930 514 2967 :
535 2909 613 2967 iacet
626 2919 707 2967 extra
720 2908 816 2967 sidera
829 2909 922 2982 tellus,

201 3014 282 3063 extra
294 3004 364 3063 anni
377 3005 504 3081 solisque
517 3006 587 3077 vias,
602 3005 653 3065 ubi
667 3005 785 3063 caelifer
798 3006 879 3065 Atlas

202 3117 288 3158 axem
313 3118 416 3159 umero
436 3110 553 3177 torquet
566 3101 654 3161 stellis
668 3102 836 3162 ardentibus
849 3113 960 3179 aptum.

201 3198 299 3257 Huius
312 3198 343 3257 in
356 3198 514 3257 adventum
528 3199 587 3257 iam
601 3217 680 3257 nunc
694 3209 725 3259 et
738 3200 847 3275 Caspia
858 3219 951 3277 regna

200 3295 346 3371 responsis
360 3295 479 3354 horrent
493 3294 593 3355 divom
607 3306 637 3355 et
651 3298 783 3356 Maeotia
794 3298 888 3370 tellus,

201 3403 232 3451 et
245 3391 469 3468 septemgemini
483 3392 599 3451 turbant
612 3393 728 3469 trepida
740 3394 816 3453 ostia
829 3395 899 3455 Nili

201 3491 268 3549 Nec
281 3508 350 3547 vero
365 3488 483 3547 Alcides
497 3499 611 3548 tantum
624 3491 733 3549 telluris
746 3491 846 3560 obivit,

200 3586 293 3645 fixerit
306 3585 474 3661 aeripedem
490 3604 605 3645 cervam
619 3587 695 3659 licet,
711 3597 761 3645 aut
775 3587 947 3664 Erymanthi
996 3664 998 3669 Ι

200 3684 309 3759 pacarit
322 3700 453 3755 nemora,
468 3691 498 3741 et
512 3682 637 3741 Lernam
651 3683 845 3742 tremefecerit
858 3702 948 3759 arcu;

258 3810 382 3868 ⁷⁷²atqui.
398 3811 431 3856 H.
489 3808 523 3843 ⁷⁷⁵
534 3809 646 3866 Rejected
655 3811 687 3867 by
697 3812 731 3858 Η.
788 3810 821 3845 ⁷⁸⁷
829 3818 905 3869 super.
921 3814 949 3859 R
1006 3813 1142 3861 warlans.
1157 3815 1186 3859 R.
