2834 4292
139 345 188 394 111.
204 343 257 409 52]
467 333 498 396 T
493 334 534 397 lae
555 334 659 398 Land
676 337 719 418 of
739 278 871 400 Tiarace.

179 519 268 580 Sacra
283 519 434 579 Dionaeae
448 519 534 577 matri
548 518 680 595 divisque
694 520 826 579 ferebam

137 617 307 691 auspicibus
322 626 495 692 coeptomm
510 634 642 692 operum,
658 636 824 693 superoque
838 618 982 677 nitentem

94 712 314 785 „caelicolum
327 714 389 789 regi
402 713 569 772 mactabam
583 714 614 771 in
627 713 711 772 litore
725 724 849 774 tauntm.

137 811 229 868 Forte
243 810 298 867 fuit
311 809 391 868 iuxta
402 810 539 881 tumulus
554 828 614 885 quo
629 828 740 868 comea
752 830 869 872 summo

134 908 261 982 virgulta
275 916 305 964 et
318 906 416 965 densis
431 907 581 965 hastilibus
597 908 715 967 horn'da
727 919 847 985 myrtus.

134 1005 269 1076 Accessi,
284 1003 465 1079 viridemque
479 1005 517 1062 ab
532 1005 623 1063 humo
638 1006 802 1065 convellere
815 1008 918 1066 silvam

135 1112 272 1173 conatus,
286 1102 373 1159 ramis
388 1112 518 1177 tegerem
533 1112 566 1161 ut
579 1102 783 1161 frondentibus
798 1122 870 1177 aras,

134 1199 319 1259 horrendum
333 1209 363 1257 et
377 1198 458 1257 dictu
473 1199 562 1257 video
576 1200 707 1258 mirabile
722 1211 894 1259 monstrum.

136 1298 228 1368 Nam,
243 1315 320 1372 quae
335 1296 430 1372 prima
443 1297 507 1355 solo
521 1297 612 1372 ruptis
626 1296 775 1355 radicibus
789 1298 875 1356 arbos

133 1395 259 1466 vellitur,
275 1394 343 1452 huic
359 1404 421 1453 atro
435 1395 584 1469 liquuntur
597 1394 738 1469 sanguine
753 1404 862 1469 guttae,

134 1502 166 1549 et
181 1501 289 1549 terram
302 1492 372 1550 tabo
386 1490 543 1548 maculant.
586 1490 662 1549 Mihi
675 1490 795 1566 frigidus
809 1490 911 1549 horror

133 1588 273 1646 membra
287 1588 388 1663 quatit,
404 1587 576 1663 gelidusque
591 1588 652 1646 coit
664 1587 821 1646 formidine
835 1589 964 1663 sanguis.

133 1686 252 1743 Rursus
267 1695 296 1743 et
310 1684 426 1742 alterius
441 1684 554 1743 lentum
569 1684 732 1743 convellere
746 1684 845 1742 vimen

133 1783 285 1857 insequor,
300 1791 330 1840 et
344 1800 447 1839 causas
461 1782 578 1857 penitus
592 1790 736 1857 temptare
750 1781 885 1840 latentis:

133 1889 201 1937 ater
214 1890 244 1937 et
257 1879 373 1937 alterius
387 1865 519 1952 sequitur
532 1877 570 1936 de
585 1877 694 1936 cortice
708 1880 835 1953 sanguis.

134 1977 236 2035 Multa
249 1994 370 2033 movens
385 1976 485 2033 animo
499 1975 643 2050 nymphas
656 1975 818 2034 venerabar
831 1974 953 2050 agrestis

133 2072 358 2147 Gradivumque
373 2082 498 2147 patrem,
513 2072 625 2131 Geticis
640 2072 690 2146 qui
704 2071 853 2147 praesidet
866 2072 950 2142 arvis,

132 2172 191 2228 rite
206 2170 403 2255 secundarent
416 2170 493 2227 visus
507 2188 657 2245 omenque
672 2170 811 2227 levarent.

132 2268 237 2325 Tertia
249 2267 304 2324 sed
318 2276 476 2343 postquam
490 2267 599 2325 maiore
614 2267 727 2325 hastilia
741 2268 807 2326 nisu

88 2364 91 2370 '
133 2363 302 2439 adgredior,
318 2364 501 2439 genibusque
515 2362 655 2422 adversae
669 2364 805 2422 obluctor
816 2382 973 2422 arenae—

133 2461 267 2535 eloquar,
282 2479 320 2518 an
333 2460 505 2518 sileam?—
513 2461 638 2535 gemitus
652 2460 838 2519 lacrimabilis
851 2461 912 2518 imo

132 2556 254 2615 auditur
266 2558 388 2629 tumu10,
404 2567 434 2615 et
447 2576 506 2615 vox
519 2557 634 2615 reddita
648 2558 738 2615 fertur
750 2556 789 2615 ad
803 2558 897 2615 auris:

117 2714 120 2719 ,
134 2653 235 2728 ‘Quid
250 2655 397 2726 miserum,
413 2658 523 2726 Aenea,
538 2654 670 2713 laceras?
711 2656 775 2713 Iam
786 2671 874 2729 parce
888 2655 1026 2729 sepult03

133 2768 226 2832 parce
241 2752 303 2826 pias
318 2752 458 2809 scelerare
474 2770 587 2809 manus.
630 2752 701 2810 Non
717 2769 765 2808 me
779 2751 832 2809 tibi
845 2751 934 2809 Troia

133 2859 290 2906 externum
304 2848 377 2920 tulit,
393 2858 443 2905 aut
457 2868 543 2907 cruor
556 2849 605 2906 hic
621 2848 661 2906 de
675 2849 773 2923 stipite
789 2856 898 2906 manat.

134 2948 219 3018 Heu,
234 2946 301 3021 fuge
316 2945 441 3003 crudelis
456 2956 554 3018 terras,
570 2947 637 3022 fuge
653 2946 720 3003 litus
734 2964 870 3003 avarum:

132 3062 205 3101 nam
221 3041 383 3118 Polydorus
398 3060 472 3117 ego;
495 3042 543 3100 hic
558 3044 706 3101 confixum
721 3044 814 3101 ferrea
827 3042 898 3101 texit

133 3140 260 3199 telorum
274 3158 358 3215 seges
373 3148 404 3197 et
417 3140 517 3198 iaculis
533 3140 654 3199 increvit
668 3141 780 3198 acutis!

173 3239 254 3296 Tum
267 3254 338 3295 vero
353 3238 473 3313 ancipiti
489 3248 619 3296 mentem
633 3237 790 3295 formidine
805 3254 922 3313 pressus

133 3336 273 3411 obstipui,
288 3344 487 3411 steteruntque
502 3353 607 3393 comae
622 3344 652 3392 et
664 3354 723 3393 vox
737 3335 868 3393 faucibus
883 3334 984 3399 haesit.

135 3434 228 3490 Hunc
245 3432 424 3508 Polydorum
438 3433 499 3491 auri
512 3432 664 3509 quondam
678 3451 748 3491 cum
763 3431 895 3507 pondere
909 3450 1017 3507 magno

134 3530 235 3587 infelix
249 3531 380 3588 Priamus
394 3531 492 3589 furtim
506 3530 658 3589 mandarat
671 3530 810 3588 alendum

135 3627 273 3685 'llrrercio
287 3628 358 3702 regi,
374 3646 443 3685 cum
457 3627 515 3685 iam
531 3626 676 3685 diffideret
689 3628 776 3685 annis

137 3723 315 3795 Dardaniae,
331 3724 468 3799 cingique
482 3725 584 3783 urbem
599 3724 754 3782 obsidione
767 3723 888 3782 videret.

295 3852 441 3900 “nostratia
458 3854 486 3901 R.
580 3853 690 3900 ⁸1rusus.
707 3854 735 3899 R
823 3852 846 3886 ⁶¹
859 3854 989 3899 marcio.
1004 3854 1033 3899 R.
