2834 4292
242 296 302 359 168
552 312 597 360 vl.
627 294 695 359 Tlre
716 294 839 358 Lower
860 294 976 360 World.
1165 305 1285 370 [AEnrrn.

235 481 353 541 abstulit
366 491 428 540 atra
440 480 504 541 dies
518 488 548 540 et
561 480 662 540 struere
676 480 776 539 mersit
789 480 918 554 acerbo,

235 578 290 638 hos
304 578 384 638 iuxta
397 578 469 637 falso
484 577 615 637 dammi
628 578 750 636 crimine
765 578 875 637 mortis.
1241 588 1285 633 4³⁰

236 676 302 735 Nec
315 694 385 735 vero
399 676 455 735 hae
470 676 532 734 sine
546 685 623 733 sorte
637 674 734 747 datae,
748 675 811 733 sine
825 674 932 747 iudice,
945 674 1052 737 sedeat

234 774 381 849 quaesitor
395 773 495 831 Minos
509 790 612 831 urnam
626 781 745 845 movet3
765 772 814 830 ille
827 771 964 831 silentum

234 872 449 946 conciliumque
463 880 550 929 vocat
562 870 694 945 vitasque
708 878 740 928 et
752 870 876 927 onmium
887 869 983 928 discit„

234 970 379 1027 Proxuma
392 967 501 1027 deinde
516 976 619 1026 tenent
632 967 736 1025 maesti
750 967 825 1038 loca,
839 966 891 1042 qui
903 967 958 1025 sibi
971 967 1063 1025 letum

231 1066 362 1125 insontes
376 1082 517 1142 peperere
532 1080 630 1136 manu,
645 1064 802 1139 lucemque
816 1064 914 1140 perosi

230 1162 380 1238 proiecere
394 1162 514 1220 animas.
557 1162 657 1236 Quam
671 1161 779 1219 vellent
791 1161 909 1219 aethere
922 1161 954 1218 in
966 1160 1026 1219 alto

229 1278 309 1317 nunc
323 1268 352 1318 et
366 1259 537 1335 pauperiem
552 1269 583 1317 et
596 1258 685 1317 duros
699 1258 826 1333 perterre
839 1257 952 1317 labores
964 1260 972 1316 l

229 1356 286 1415 Fas
301 1356 406 1428 obstat,
421 1356 566 1431 tristisque
581 1355 663 1431 palus
679 1355 842 1413 inamabilis
855 1353 953 1413 undae

228 1454 333 1529 alligat,
349 1464 379 1513 et
392 1454 514 1513 noviens
529 1454 598 1529 Styx
612 1453 752 1511 interfusa
763 1453 891 1511 coercet.

267 1551 333 1610 Nec
347 1552 449 1627 procul
463 1550 532 1609 hinc
547 1560 659 1627 partem
674 1551 729 1609 fusi
743 1559 939 1608 monstrantur
951 1550 982 1608 in
995 1566 1116 1610 ornnem

225 1648 357 1725 lugentes
372 1649 488 1723 campi:
511 1649 553 1707 sic
567 1648 630 1706 illos
644 1648 765 1706 nomine
779 1646 892 1706 dicunt

225 1746 296 1819 Hic,
311 1764 385 1822 quos
399 1746 488 1806 dums
502 1763 586 1805 amor
599 1746 710 1805 crudeli
722 1747 791 1805 tabe
804 1744 929 1822 peredit,

224 1844 329 1902 secreti
342 1844 439 1903 celant
453 1844 541 1903 calles
555 1853 586 1901 et
599 1852 712 1919 myrtea
725 1844 837 1902 circum

223 1940 294 1999 silva
307 1941 398 2016 tegit;
420 1959 507 1999 curae
521 1959 582 1999 non
597 1940 660 2016 ipsa
674 1941 704 1999 in
719 1951 813 1999 morte
827 1941 1004 2016 relinquunt

224 2038 281 2095 His
297 2038 460 2097 Phaedram
475 2039 664 2113 Procrimque
678 2037 762 2108 locis,
776 2047 978 2114 maestamque
992 2038 1152 2115 Eriphylen

223 2133 349 2193 crudelis
363 2136 424 2192 nati
438 2144 650 2193 monstrantem
662 2135 792 2207 volnera,
806 2136 909 2208 cernit,

223 2231 425 2307 Evadnenque
441 2241 470 2290 et
485 2232 669 2307 Pasiphaen3
691 2232 736 2290 his
752 2232 914 2291 Laodamia

220 2329 242 2386 it
257 2346 366 2400 comes,
381 2338 412 2387 et
424 2328 535 2387 iuvenis
549 2328 711 2404 quondam,
725 2348 805 2387 nunc
818 2330 937 2401 femina,
951 2329 1096 2402 Caeneus,

218 2442 315 2483 rursus
330 2425 404 2483 etin
416 2434 546 2483 veterem
561 2426 621 2483 fato
636 2424 767 2483 revoluta
779 2425 911 2500 figuram.

262 2523 342 2581 Inter
354 2540 426 2597 quas
441 2522 602 2581 Phoenissa
615 2539 720 2579 recens
733 2541 751 2579 a
764 2523 882 2580 volnere
897 2522 980 2581 Dido

219 2619 331 2677 errabat
345 2620 416 2677 silva
430 2620 459 2678 iu
475 2638 600 2695 magna,
622 2636 712 2694 quam
727 2620 831 2677 Troius
846 2620 933 2679 heros

217 2725 250 2774 ut
263 2716 389 2791 primum
404 2716 484 2773 iuxta
499 2716 578 2774 stetit
592 2714 791 2791 adgnovitque
805 2734 859 2793 per
871 2719 989 2778 umbras

217 2813 382 2883 obscuram,
397 2812 513 2887 qualem
529 2813 625 2889 primo
639 2813 691 2887 qui
705 2832 822 2889 surgere
835 2834 938 2875 mense

192 2968 196 2975 ,
215 2920 265 2967 aut
278 2908 367 2979 videt,
383 2918 432 2966 aut
445 2908 553 2967 vidisse
568 2919 650 2986 putat
665 2928 719 2986 per
732 2911 832 2969 nubila
844 2912 954 2986 lunam,

215 3004 333 3065 demisit
346 3006 487 3078 lacrimas,
503 3004 642 3082 dulcique
658 3008 772 3067 adfatus
786 3028 886 3069 amore
900 3021 964 3071 est:

255 3103 378 3162 ‘Infelix
393 3102 482 3174 Dido,
498 3122 582 3163 verus
599 3105 670 3163 mihi
685 3108 803 3165 nuntius
817 3126 887 3184 ergo

212 3208 332 3258 venerat
346 3200 528 3272 exstinctam,
545 3202 679 3277 ferroque
695 3214 826 3263 extrema
838 3208 991 3268 secutam?

213 3296 334 3356 Funeris
349 3297 407 3354 heu
420 3297 473 3355 tibi
486 3316 575 3357 causa
588 3300 649 3359 fui?
691 3304 747 3359 Per
760 3302 856 3362 sidera
869 3305 942 3377 iuro,

211 3411 265 3470 per
278 3411 408 3469 superos,
424 3405 453 3452 et
468 3395 491 3454 si
507 3414 565 3471 qua
579 3396 653 3456 fides
667 3398 768 3456 tellure
783 3401 838 3459 suh
851 3400 911 3459 ima
923 3410 978 3475 est,

210 3491 326 3563 invitus,
340 3492 449 3567 regina,
465 3501 517 3551 tuo
531 3492 570 3551 de
585 3494 668 3552 litore
683 3496 768 3554 cessi.

210 3587 269 3646 Sed
283 3606 331 3646 me
346 3588 424 3647 iussa
438 3587 537 3660 deum,
553 3606 629 3665 quae
643 3609 723 3648 nunc
738 3592 789 3651 has
803 3593 845 3652 ire
858 3613 912 3670 per
924 3596 1051 3670 umbras,

207 3702 262 3761 per
275 3686 342 3743 loca
356 3695 440 3744 senta
454 3686 510 3743 situ
525 3696 635 3762 cogtmt
648 3697 828 3764 noctemque
842 3691 1029 3766 profundam,

410 3811 443 3845 ⁴⁸⁸
453 3814 519 3857 tristi
534 3846 540 3859 .
555 3846 562 3859 .
576 3846 583 3859 .
597 3814 669 3859 uda.
686 3814 719 3859 H.
871 3819 907 3852 ⁴¹⁸
916 3822 1015 3869 numa.
1030 3822 1059 3869 R.
