2834 4292
221 285 280 350 172
527 288 572 333 vr.
605 269 670 333 The
692 269 814 332 Lower
836 270 952 333 World.

216 454 280 530 ipsa
293 453 383 529 deum
396 470 508 531 poenas
522 451 633 525 docuit,
648 472 760 530 perque
773 454 873 513 omnia
885 452 976 512 duxit.

179 539 344 614 ‘Cnosius
359 551 433 609 haec
448 550 691 609 Rhadamanthus
706 552 804 622 habet,
819 551 972 610 durissima
984 568 1083 628 regna,

216 649 396 723 castigatque
411 646 551 724 auditque
566 647 660 720 dolos,
675 649 840 724 subigitque
854 648 946 721 fateri,

216 763 291 820 quae
306 746 369 820 quis
384 745 463 820 apud
478 763 608 821 superos,
622 745 698 804 furto
712 746 835 804 laetatus
847 746 938 819 inani,

216 842 325 901 distulit
339 841 369 900 in
383 860 478 929 saroam
492 843 650 901 commissa
664 843 781 919 piacula
794 852 929 902 mortem.

216 940 365 999 Continuo
380 949 479 998 sontes
493 940 578 999 ultrix
592 940 727 999 accincta
740 940 856 1016 flagello

214 1037 376 1112 Tisiphone
391 1038 483 1112 quatit
497 1037 645 1110 insultans,
662 1046 819 1112 torvosque
833 1037 947 1096 sinistra

215 1134 362 1193 intentans
377 1152 488 1209 angues
502 1144 589 1193 vocat
602 1135 720 1211 agmina
733 1152 821 1193 saeva
834 1153 975 1193 soromm.

214 1232 292 1290 Tum
306 1232 428 1289 demum
442 1232 596 1290 horrisono
609 1233 764 1291 stridentes
778 1232 899 1290 cardine
913 1249 1013 1291 sacrae

215 1328 383 1405 panduntur
395 1338 507 1404 portae.
549 1330 652 1388 Cernis
666 1329 801 1389 custodia
813 1330 906 1405 qualis

215 1426 357 1484 vestibulo
372 1425 482 1497 sedeat,
498 1426 587 1483 facies
601 1444 677 1501 quae
691 1427 792 1484 limina
805 1427 921 1484 servet?

216 1523 435 1599 Quinquaginta
449 1524 516 1581 atris
530 1523 665 1581 immanis
680 1522 804 1581 hiatibus
821 1522 926 1598 Hydra

215 1622 327 1679 saevior
339 1622 415 1679 intus
429 1620 518 1678 habet
532 1619 644 1679 sedem.
684 1621 764 1679 Tum
777 1622 913 1678 Tartarus
926 1620 990 1695 ipse

214 1718 258 1776 bis
273 1728 354 1794 patet
367 1718 397 1776 in
410 1736 554 1794 praeceps
568 1727 682 1776 tantum
696 1717 849 1793 tenditque
864 1718 918 1776 sub
933 1718 1060 1791 umbras,

214 1824 339 1889 quantus
353 1814 393 1873 ad
407 1814 568 1872 aetherium
583 1815 656 1872 caeli
671 1824 825 1889 suspectus
840 1815 1010 1890 Olympum.

215 1912 276 1969 Hic
289 1930 382 1987 genus
396 1913 547 1986 antiquum
560 1913 676 1983 Terrae,
691 1911 808 1969 Titania
820 1912 923 1987 pubes,

215 2009 335 2089 fulmine
348 2008 457 2067 deiecti
470 2008 562 2067 fundo
577 2010 730 2067 volvuntur
743 2009 774 2066 in
787 2010 857 2067 imo.

256 2107 334 2165 ‘Hic
349 2115 379 2164 et
393 2105 513 2165 Aloidas
526 2106 659 2181 geminos
673 2107 813 2163 immania
825 2106 886 2164 vidi

214 2222 346 2279 corpora,
361 2204 412 2279 qui
425 2204 559 2262 manibus
573 2221 713 2278 magnum
725 2202 892 2261 rescindere
906 2202 1021 2262 caelum

214 2301 352 2375 adgressi,
368 2301 536 2376 superisque
551 2302 654 2359 Iovem
669 2299 825 2357 detrudere
838 2300 944 2375 regnis.

213 2397 283 2456 Vidi
297 2407 327 2456 et
340 2397 474 2457 crudeles
488 2396 608 2456 dantem
623 2397 778 2456 Salmonea
792 2414 912 2472 poenas,

215 2494 286 2552 dum
300 2494 431 2557 flammas
446 2494 524 2553 Iovis
538 2504 568 2553 et
582 2494 694 2552 sonitus
710 2494 837 2551 imitatur
850 2490 979 2570 Olympi.

215 2592 362 2665 Quattuor
374 2592 422 2649 hic
436 2592 569 2650 invectus
583 2592 666 2667 equis
681 2600 711 2649 et
724 2591 862 2667 lampada
875 2577 1015 2668 quassans

213 2708 266 2765 per
281 2688 401 2748 Graium
415 2689 540 2764 populos
554 2688 729 2763 mediaeque
742 2707 795 2764 per
809 2689 900 2747 Elidis
914 2689 1016 2748 urbem

214 2788 275 2846 ibat
288 2804 387 2859 ovans,
402 2786 560 2861 divomque
574 2786 630 2844 sibi
642 2786 784 2862 poscebat
790 2785 950 2857 honorem,
959 2817 1000 2829 -

214 2883 346 2955 demens,
358 2885 409 2959 qui
422 2884 538 2943 nimbos
552 2894 582 2947 et
595 2902 656 2941 non
670 2884 808 2941 imitabile
823 2884 933 2941 fulmen

214 3000 280 3040 aere
295 2991 325 3040 et
339 2979 531 3057 cornipedum
545 2980 631 3056 pulsu
644 2980 791 3038 simularet
805 2998 958 3056 equorum.

214 3083 253 3137 At
266 3088 349 3155 pater
362 3078 549 3153 omnipotens
563 3078 655 3135 densa
667 3078 743 3135 inter
756 3077 855 3135 nubila
867 3078 958 3135 telum

214 3177 364 3247 contorsit,
378 3193 440 3235 non
454 3174 501 3232 ille
515 3174 593 3232 faces
607 3192 664 3232 nec
677 3175 776 3232 fumea
789 3175 883 3233 taedis

215 3274 334 3341 lumina,
350 3272 599 3347 praecipitemque
613 3272 733 3329 immani
747 3272 861 3330 turbine
876 3269 983 3346 adegit

216 3372 282 3429 Nec
296 3388 358 3428 non
373 3380 402 3427 et
415 3370 532 3445 Tityon,
546 3370 653 3427 Terrae
669 3370 877 3445 omniparentis
891 3370 1061 3442 alumnum·

215 3486 334 3525 cernere
349 3476 418 3538 erat,
433 3465 487 3541 per
499 3476 562 3525 tota
575 3484 682 3524 novem
696 3467 745 3523 cui
759 3467 856 3540 iugera
869 3484 977 3541 corpus

214 3564 377 3641 porrigitur,
391 3572 543 3637 rostroque
557 3564 692 3621 immanis
706 3564 801 3620 voltur
814 3563 932 3621 obunco

215 3661 378 3720 immortale
392 3660 474 3719 iecur
486 3658 613 3719 tondens
627 3658 815 3734 fecundaque
828 3660 934 3735 poeuis

615 3786 648 3823 ⁵⁸⁸
658 3788 791 3846 Suspected
799 3790 832 3848 by
843 3789 870 3837 R.

1143 280 1267 345 [AEnurn.

1149 466 1155 475 '
1226 455 1269 512 5⁶5
