2834 4292
201 281 246 345 44
474 281 495 329 1.
526 263 593 329 Tae
614 264 778 352 Lauding
798 267 835 332 in
858 269 986 353 Africa.
1135 280 1261 345 [AEurm.

241 448 300 508 Olli
313 447 466 509 subridens
481 449 634 510 hominum
647 461 726 510 sator
739 462 828 528 atque
841 453 975 526 deorum,

201 544 289 618 voltu,
304 565 364 622 quo
379 546 493 606 caelum
508 551 757 625 tempestatesque
772 561 897 625 serenat,

201 643 301 702 oscula
314 643 412 702 libavit
425 654 521 717 natae,
536 644 646 704 dehinc
660 646 730 704 talia
743 647 836 705 fatur:

201 742 312 798 ‘Parce
327 750 417 814 metu,
433 742 596 818 Cytherea:
619 753 741 802 manent
756 744 880 804 immota
892 755 1010 804 tuomm

200 837 259 896 fata
271 838 343 928 tibi3
366 856 468 898 cernes
482 840 585 898 urbem
599 851 630 898 et
643 841 788 916 promissa
801 842 904 900 lavini

199 935 326 1008 moenia,
342 935 555 1012 sublimemque
569 938 643 996 feres
657 937 697 996 ad
711 937 808 996 sidera
820 939 895 1022 caeli

199 1033 419 1108 magnanimum
433 1035 575 1108 Aenean,
596 1053 693 1110 neque
708 1054 756 1094 me
772 1037 916 1094 sententia
928 1037 1022 1096 vertit

201 1129 262 1188 Hic
276 1131 329 1189 tibi
348 1130 445 1208 (fabor
458 1132 545 1203 enim,
561 1131 681 1208 quando
696 1133 771 1190 haec
785 1142 814 1190 te
828 1151 899 1190 cura
912 1133 1069 1206 remordet,

199 1226 313 1302 longius
328 1237 358 1286 et
371 1228 489 1286 volvens
504 1229 628 1288 sator-um
642 1247 750 1286 arcana
763 1231 905 1306 movebo)

199 1325 307 1384 bellum
322 1325 424 1401 ingens
438 1336 519 1402 geret
534 1327 626 1399 Italia,
641 1328 827 1403 populosque
842 1328 956 1386 feroces

200 1422 371 1495 contundet,
387 1442 542 1498 moresque
557 1424 623 1482 viris
638 1433 668 1482 et
681 1424 801 1482 moenia
813 1435 915 1500 ponet,

198 1520 283 1578 tertia
297 1519 368 1578 dum
383 1520 466 1578 Latio
480 1531 651 1595 regnantem
665 1520 769 1579 viderit
782 1532 886 1594 aestas,

198 1626 338 1692 ternaque
352 1617 516 1676 transierint
530 1618 644 1676 Rutulis
659 1618 781 1677 hiberna
795 1619 932 1678 subactis.

198 1716 237 1772 At
251 1732 323 1789 puer
337 1715 488 1786 Ascanius,
504 1715 552 1772 cui
565 1733 645 1773 nunc
660 1733 828 1790 cognomen
843 1715 909 1774 Iulo

198 1809 323 1883 additur,
332 1843 373 1855 -
384 1812 444 1871 Ilus
459 1821 528 1883 erat,
544 1811 616 1870 dum
630 1831 675 1870 res
690 1813 770 1870 stetit
784 1812 839 1870 Ilia
850 1830 951 1888 regne,
961 1844 1004 1856 -

197 1909 313 1984 triginta
326 1927 447 1984 magnos
462 1908 612 1967 volvendis
626 1910 776 1968 mensibus
790 1910 868 1967 orbis

198 2005 321 2080 imperio
336 2005 472 2081 explebit,
487 2023 668 2081 regnumque
684 2006 722 2064 ab
736 2004 807 2062 sede
822 2004 924 2063 Lavini

197 2104 358 2174 transferet,
373 2112 403 2160 et
417 2102 535 2178 longam
550 2103 640 2160 multa
654 2103 682 2160 vi
696 2103 809 2161 muniet
822 2101 937 2160 Albam

199 2201 260 2258 Hic
274 2200 333 2258 iam
346 2210 392 2258 ter
405 2209 524 2258 centum
538 2208 616 2258 totos
629 2200 796 2275 regnabitur
809 2218 902 2257 annos

198 2307 286 2373 gente
300 2298 354 2356 sub
369 2299 529 2368 Hectorea,
544 2296 642 2355 donec
657 2296 757 2372 regina
770 2295 917 2368 sacerdos,

199 2397 294 2453 Marte
308 2395 409 2469 gravis,
425 2394 571 2469 geminam
586 2403 670 2468 partu
685 2393 766 2451 dabit
781 2393 837 2452 Ilia
849 2393 971 2468 prolem.

199 2490 274 2550 Inde
289 2491 374 2567 lupae
389 2491 467 2550 fulvo
483 2491 600 2549 nutricis
616 2491 746 2566 tegmine
760 2490 851 2548 laetus

198 2588 342 2647 Romulus
357 2589 483 2663 excipiet
496 2598 624 2664 gentem,
639 2597 669 2646 et
685 2588 830 2646 Mavortia
844 2587 955 2646 condet

198 2686 324 2757 moenia,
339 2687 550 2760 Romanosque
565 2704 618 2743 suo
632 2685 671 2743 de
685 2685 806 2742 nomine
821 2684 911 2743 dicet.

199 2785 256 2842 His
271 2801 327 2858 ego
341 2802 397 2841 nec
412 2793 505 2841 metas
519 2801 614 2840 rerum
629 2801 685 2840 nec
700 2792 834 2857 tempora
847 2800 949 2856 pono;

197 2880 352 2956 imperium
366 2881 428 2939 sine
441 2881 500 2940 fine
515 2880 595 2939 dedi.
639 2879 719 2954 Quin
734 2897 839 2954 aspera
853 2881 938 2951 Iuno,
977 2953 979 2957 Ι

197 2995 273 3053 quae
287 2997 367 3035 mare
381 2997 460 3037 nunc
474 2987 622 3053 terrasque
637 2987 718 3035 metu
734 2977 907 3052 caelumque
922 2976 1031 3052 fatigat,

197 3075 319 3133 consilia
332 3076 362 3134 in
376 3077 478 3134 melius
492 3076 605 3147 referet,
622 3093 799 3150 mecumque
814 3073 924 3132 fovebit

198 3173 349 3232 Romanos
363 3192 459 3231 rerum
472 3173 609 3232 dominos
623 3183 800 3248 gentemque
815 3180 963 3248 togatam:

128 3315 156 3346 a
198 3271 239 3328 sic
253 3269 402 3344 placitum.
443 3271 550 3327 Veniet
563 3270 657 3328 lustris
673 3269 836 3329 labentibus
852 3279 941 3340 aetas,

123 3386 126 3394 ’
142 3350 148 3360 ’
176 3347 268 3426 ‘cum
282 3366 387 3424 domus
401 3367 533 3425 Assaraci
549 3367 684 3424 Phthiam
700 3367 849 3441 clarasque
867 3367 1011 3442 Mycenas

198 3464 313 3522 servitio
327 3473 449 3538 premet,
465 3482 500 3520 ac
513 3464 596 3521 victis
612 3462 810 3522 dominabitur
824 3463 917 3538 Argis

199 3563 343 3620 Nascetur
356 3561 478 3636 pulchra
490 3561 633 3619 Troianus
648 3561 759 3636 origine
774 3561 892 3630 Caesar,

198 3657 353 3734 imperium
366 3658 497 3726 Oceano,
512 3657 620 3716 famam
635 3657 685 3732 qui
698 3657 835 3716 terminet
849 3656 940 3727 astris,
952 3689 993 3699 -

427 3784 462 3819 ⁹⁶³
473 3785 593 3832 sublimen.
611 3786 639 3833 R.
869 3783 905 3818 ²⁸⁷
915 3785 977 3843 quoi.
995 3783 1024 3830 R.
