2834 4292
203 319 245 384 42
476 316 496 362 1.
529 297 559 360 Τ
554 297 595 360 lte
616 293 780 378 Londing
801 294 837 358 in
859 291 986 376 Afn'ca.

204 504 222 543 a
235 495 326 560 tergo,
341 494 372 541 et
385 483 504 558 longum
519 499 571 557 per
584 479 663 538 vallis
678 477 806 554 pascitru
819 494 935 554 agmen

204 581 342 642 Constitit
356 581 413 651 hic,
428 595 588 654 arcumque
604 595 692 634 manu
707 575 868 649 celerisque
883 573 1001 650 sagittas

205 679 352 753 corripuit,
366 677 441 756 fidus
457 694 533 751 quae
549 675 608 732 tela
622 674 741 749 gerebat
755 671 902 741 Achates;

205 776 400 850 ductoresque
414 776 492 849 ipsos
508 773 643 849 primum,
660 770 758 844 capita
770 769 828 826 alta
841 767 959 826 serentis

204 873 341 931 comibus
356 873 491 942 arboreis,
507 870 616 942 sternit,
633 878 695 926 tum
710 867 820 951 volgus,
836 875 866 922 et
879 882 1000 922 omnem

204 972 307 1028 miscet
321 988 410 1056 agens
423 969 488 1027 telis
502 985 623 1026 nemora
637 966 712 1024 inter
726 961 848 1022 frondea
861 962 997 1034 turbam;

204 1045 353 1143 nec'prius
368 1067 487 1136 absistit,
502 1084 590 1141 quarn
607 1073 722 1139 septem
738 1061 867 1137 ingentia
880 1060 973 1116 victor

205 1181 329 1240 corpora
341 1163 444 1221 fundat
458 1163 547 1248 humi,
563 1172 593 1220 et
608 1179 762 1219 numemm
780 1177 849 1216 cum
862 1157 984 1214 navibus
998 1163 1113 1230 aequet

174 1279 182 1293 *
206 1263 287 1338 Hinc
301 1270 419 1336 portum
434 1261 514 1336 petit,
530 1269 559 1317 et
572 1259 669 1316 socios
683 1257 804 1332 partitur
818 1256 848 1313 in
863 1271 977 1312 omnes.

183 1341 280 1415 ”Vina
293 1358 388 1417 bonus
403 1375 477 1432 quae
492 1355 600 1415 deinde
615 1355 695 1414 cadis
710 1363 844 1413 onerarat
858 1354 981 1410 Acestes

205 1456 287 1514 litore
302 1455 452 1512 Trinacrio
466 1453 645 1528 dederatque
661 1454 836 1512 abeuntibus
852 1451 948 1524 heros,

150 1551 161 1638 λ’
206 1551 318 1623 dividit,
334 1561 363 1609 et
378 1551 463 1609 dictis
477 1552 635 1608 maerentia
649 1562 771 1626 pectora
786 1550 912 1608 mulcet:

183 1643 194 1718 Ι
249 1651 295 1708 ‘O
310 1648 432 1706 socii-
444 1666 540 1722 neque
555 1649 634 1705 enirn
648 1648 740 1722 ignari
754 1666 854 1705 sumus
869 1657 938 1705 ante
953 1646 1096 1706 malorum
1105 1677 1147 1688 -

185 1748 236 1812 to
252 1747 328 1822 passi
341 1745 479 1820 graviora,
495 1744 577 1802 dabit
591 1745 663 1802 deus
678 1744 723 1802 his
738 1763 856 1820 quoque
872 1745 972 1804 linem

206 1845 267 1901 Vos
282 1853 311 1901 et
325 1842 484 1917 Scyllaeam
498 1842 609 1900 rabiem
622 1842 798 1916 penitusque
813 1843 944 1900 sonantis

207 1940 331 1997 accestis
345 1939 491 2014 scopulos,
505 1957 557 1997 vos
572 1948 601 1994 et
616 1938 767 2013 Cyclopea
779 1957 849 1997 saxa

207 2037 338 2111 experti:
359 2046 494 2094 revocate
509 2036 631 2106 animos,
646 2046 849 2111 maestumque
865 2037 1001 2095 timorem

179 2139 190 2216 1
208 2134 331 2193 mittite:
353 2133 450 2191 forsan
465 2143 494 2190 et
509 2133 582 2190 haec
597 2133 666 2191 olim
682 2134 851 2192 meminisse
866 2135 982 2194 iuvabit

209 2234 265 2290 Per
278 2231 371 2289 varios
386 2249 480 2300 casus,
495 2248 548 2305 per
561 2239 605 2287 tot
620 2229 789 2288 discrimina
803 2249 900 2290 rerum

208 2328 356 2386 tendimus
371 2327 400 2385 in
416 2328 549 2397 Latium;
571 2326 656 2385 sedes
671 2328 723 2387 ubi
736 2328 795 2386 sata
808 2330 922 2404 quietas

209 2425 387 2495 ostendunt;
409 2425 466 2481 illic
480 2425 522 2482 fas
536 2442 626 2500 regna
639 2443 787 2500 resurgere
802 2427 918 2486 Troiae.

210 2523 329 2594 Durate,
345 2532 375 2579 et
388 2532 501 2578 vosmet
514 2521 599 2580 rebus
614 2532 726 2580 servate
742 2524 899 2582 secundis!

248 2619 331 2677 Talia
344 2636 418 2676 voce
431 2619 527 2690 refert,
542 2619 676 2694 curisque
691 2620 857 2695 ingentibus
873 2639 960 2695 aeger

209 2734 293 2791 spem
306 2716 386 2773 voltu
401 2715 523 2786 simulat,
539 2716 643 2791 premit
658 2716 749 2775 altum
764 2715 854 2775 corde
869 2718 1011 2776 dolorem.

211 2813 258 2871 Illi
271 2829 303 2870 se
317 2811 443 2887 praedae
459 2813 625 2888 accingunt,
641 2812 825 2895 dapibusqqe
840 2814 960 2888 suturis3

209 2920 324 2990 tergora
338 2909 483 2984 deripiunt
497 2909 588 2985 costis
600 2919 630 2968 et
643 2911 755 2990 visqera
768 2911 900 2984 nudant3

210 3025 276 3083 pars
290 3007 321 3064 in
335 3005 423 3064 frusta
436 3017 537 3064 secant
550 3007 723 3082 veribusque
740 3010 893 3066 trementia
906 3009 1017 3084 figunt;

211 3105 293 3162 litore
308 3104 381 3161 aeria
394 3103 493 3161 locant
507 3103 562 3174 alii,
578 3103 767 3179 flammasque
783 3105 954 3185 ministrant.

211 3204 289 3260 Tum
302 3202 381 3258 victu
394 3209 532 3258 revocant
545 3201 628 3272 vires
643 3202 758 3276 fusique
772 3221 825 3278 per
839 3204 959 3262 herbam

212 3299 368 3374 implentur
381 3299 484 3385 veteris
500 3300 609 3357 Bacchi
625 3301 799 3387 pinguisque
814 3302 931 3384 ferinae.

212 3398 370 3470 Postquam
384 3406 522 3471 exempta
536 3398 627 3456 sames
642 3397 736 3473 epulis
751 3417 928 3474 mensaeque
943 3409 1083 3472 remotae,

192 3543 197 3549 .
211 3494 333 3552 amissos
347 3494 435 3570 longo
450 3495 546 3554 socios
561 3513 696 3554 sermone
710 3497 867 3571 requirunt,

212 3609 354 3667 spemque
368 3603 536 3667 metumque
552 3593 626 3650 inter
639 3593 731 3663 dubii,
747 3611 799 3651 seu
813 3593 908 3652 vivere
923 3592 1053 3666 credant,

213 3689 273 3747 sive
288 3700 417 3774 extrema
429 3691 489 3766 pati
503 3709 560 3749 nec
574 3690 633 3749 iam
647 3690 785 3749 exaudire
799 3699 930 3750 vocatos.
981 3678 991 3694 “

384 3817 419 3852 ²⁰¹
434 3819 546 3877 Cyclopia.
563 3820 596 3865 H.
907 3818 1048 3876 ²⁰⁸sorsam.
1065 3819 1093 3866 R.
