2834 4292
207 300 251 380 48
483 315 503 362 r.
534 297 566 360 T
560 297 601 362 he
620 297 784 382 Lauding
803 299 841 362 in
862 299 993 382 Afn'ca.
1140 311 1266 375 [AEunn.

207 481 300 542 vitalis
313 482 417 559 carpis,
432 481 552 559 Tyriam
566 483 616 558 qui
632 481 786 542 adveneris
799 483 912 542 urbem

208 580 301 655 Perge
314 579 415 652 modo,
431 588 520 655 atque
535 579 604 638 hinc
618 589 648 638 te
662 580 781 656 reginae
794 579 834 638 ad
846 581 948 640 limina
960 582 1065 657 perfer.

208 677 345 752 Namque
358 676 411 736 tibi
424 675 549 754 reduces
565 675 662 734 socios
677 676 860 752 classemque
873 678 995 736 relatam

207 773 320 846 nuntio,
334 773 408 832 etin
422 783 517 832 tutum
531 773 620 832 versis
636 773 820 848 aquilombus
834 783 941 848 actam,
997 760 999 763 ¹

207 871 238 929 ni
251 871 354 930 frustra
367 871 519 960 augurium
532 871 600 929 vani
615 869 745 929 docuere
759 881 905 947 parentes.

175 963 193 972 ”
207 957 315 1043 Aspice
328 968 373 1028 bis
387 985 474 1028 senos
487 968 620 1044 laetaptis
635 969 753 1044 agmine
766 987 886 1045 cycnos,

207 1063 336 1124 aetheria
348 1081 423 1140 quos
436 1065 518 1140 lapsa
531 1065 617 1140 plaga
632 1066 711 1124 Iovis
725 1066 784 1124 ales
799 1076 901 1142 aperto

207 1161 342 1220 turbabat
356 1161 458 1234 caelo,
479 1179 559 1220 nunc
575 1171 663 1220 terras
678 1162 781 1220 ordine
795 1163 886 1238 longo

208 1268 258 1317 aut
272 1275 387 1341 capere,
403 1267 453 1316 aut
467 1267 567 1334 captas
583 1259 642 1317 iam
657 1258 829 1333 despectare
843 1259 997 1320 videnturz

207 1364 238 1413 ut
252 1353 377 1413 reduces
391 1355 431 1412 illi
444 1354 550 1414 ludunt
564 1355 752 1415 stridentibus
766 1357 828 1429 alis,

207 1461 237 1510 et
251 1460 338 1531 coetu
353 1451 470 1510 cinxere
483 1453 594 1528 polum,
611 1461 774 1528 cantusque
788 1453 908 1528 dedere,

207 1548 286 1608 haud
300 1549 382 1608 aliter
395 1567 569 1626 puppesque
584 1560 652 1608 tuae
666 1551 820 1628 pubesque
832 1561 951 1611 tuorum

207 1656 257 1706 aut
269 1656 388 1723 portum
401 1655 483 1706 tenet
496 1657 545 1706 aut
560 1647 650 1724 pleno
663 1648 740 1707 nubit
753 1649 829 1707 ostia
841 1649 917 1726 velo.

208 1745 299 1819 Perge
313 1743 415 1817 modo,
429 1752 468 1816 et,
484 1763 542 1820 qua
555 1754 585 1803 te
601 1743 683 1803 ducit
697 1746 753 1817 via,
767 1745 859 1821 dirige
872 1748 1024 1822 gressum!

248 1840 337 1912 Dixit,
353 1849 383 1900 et
396 1849 531 1900 avertens
542 1859 627 1899 rosea
641 1840 755 1899 cervice
768 1842 889 1914 refirlsit,

206 1937 428 2014 ambrosiaeque
442 1955 546 2026 comae
562 1937 695 1997 divinum
708 1940 818 2022 verp'ce
831 1939 956 1999 odorem

206 2035 360 2111 spiravere,
374 2034 468 2112 pedes
482 2034 571 2116 vestis
585 2034 707 2094 defluxit
720 2035 759 2094 ad
773 2036 857 2108 brios,

206 2141 237 2190 et
250 2150 318 2191 vera
331 2133 447 2192 incessu
461 2131 556 2208 patuit
570 2129 637 2191 dea
679 2133 733 2190 Ille
747 2133 799 2192 ubi
812 2141 937 2192 matrem

206 2229 353 2312 adgpovit,
368 2229 418 2287 tali
431 2230 592 2306 fugientem
608 2238 653 2288 est
665 2246 740 2287 voce
753 2239 891 2290 secutus:
948 2235 952 2240 '

207 2326 306 2402 ‘Quid
320 2336 422 2386 natum
435 2327 553 2399 totiens,
567 2325 693 2385 crudelis
706 2334 739 2384 tu
754 2345 881 2404 quqque,
895 2327 973 2416 salsis

205 2423 282 2483 ludis
295 2424 490 2500 imaginibus?
531 2424 592 2484 Cur
606 2422 727 2482 dextrae
741 2424 860 2499 iungere
874 2424 1007 2483 dextram
1108 2419 1111 2424 ’

205 2539 266 2580 non
280 2521 374 2594 datur,
389 2539 426 2580 ac
438 2539 520 2598 veras
534 2520 635 2579 audire
650 2529 680 2579 et
692 2519 819 2579 reddere
831 2523 958 2580 vocesi’

244 2619 365 2678 Talibus
378 2617 501 2691 incusat,
515 2635 707 2701 gressumque
721 2616 761 2676 ad
774 2619 892 2695 moenia
903 2617 1019 2678 tendit:

204 2725 235 2775 at
247 2717 349 2775 Venus
363 2717 490 2775 obscuro
501 2714 669 2792 gradientes
683 2714 751 2796 arire
765 2715 883 2790 saepsit,

205 2823 236 2872 et
249 2813 341 2872 multo
354 2812 479 2898 nebulae
495 2813 606 2871 circum
620 2810 678 2870 dea
691 2811 766 2902 fudit
778 2811 899 2895 amictu,

205 2929 325 3001 cerpere
338 2928 377 2970 ne
391 2910 456 2986 quis
471 2927 532 2982 eos,
547 2927 606 2968 neu
622 2909 686 2984 quis
702 2908 872 2984 contingere
885 2917 997 2984 posset,

204 3009 334 3068 molirive
348 3025 470 3079 moram,
486 3016 536 3066 aut
549 3005 688 3064 veniendi
703 3023 827 3082 poscere
842 3024 954 3065 causas.

205 3107 276 3181 Ipsa
289 3106 423 3181 Paphum
436 3103 567 3188 sublimis
582 3104 651 3176 abit,
667 3102 813 3178 sedesque
827 3103 925 3160 revisit

203 3201 280 3260 laeta
293 3177 369 3274 suas:
383 3201 434 3262 ubi
447 3201 591 3276 templum
605 3201 654 3273 illi,
670 3210 849 3275 centumque
863 3199 977 3258 Sabaeo
1048 3252 1050 3257 .

203 3310 266 3359 ture
281 3300 467 3378 celebratae,
482 3299 624 3373 sertisque
639 3297 807 3370 recentibus
820 3297 928 3377 balant

244 3397 418 3473 Corripuere
431 3397 509 3456 viam
522 3397 641 3469 interea,
658 3414 716 3472 qua
729 3395 833 3454 semita
846 3382 997 3455 monstrat.

204 3496 327 3570 Iamque
341 3492 542 3552 ascendebant
557 3495 672 3566 collem,
689 3494 740 3569 qui
754 3493 894 3568 plurimus
907 3492 972 3550 urbi

204 3593 345 3665 imminet,
360 3590 552 3667 adversasque
568 3591 722 3668 adspectat
736 3590 864 3668 desuper
877 3608 968 3648 arces

432 3749 468 3785 ⁸⁹⁸
478 3751 577 3808 adspice.
593 3751 626 3799 H.
849 3749 884 3783 ⁴⁰¹
895 3750 982 3807 derige.
998 3751 1028 3797 R⁴

433 3823 468 3860 Μ
478 3829 562 3884 capros.
578 3825 607 3872 R
848 3824 881 3858 ⁴⁰7
892 3825 965 3871 toties.
980 3824 1014 3870 H.
