2834 4292
130 302 181 351 1v.
195 302 262 366 119.]
501 294 623 372 Juno's
645 284 816 381 Proposc'zl.

129 473 256 549 detinet,
271 476 427 537 infandum
441 478 465 538 si
480 479 577 541 fallere
591 482 684 557 possit
698 502 840 544 amorem.

129 572 161 629 N
164 590 205 630 on
219 584 344 649 coeptae
358 575 631 651 adsurguntturres,
645 598 707 639 non
722 600 802 639 anna
815 582 949 643 iuventus

128 679 260 742 exercet,
275 680 411 746 portusve
425 682 475 731 aut
488 678 712 751 propugnacula
725 679 803 737 bello

126 776 194 826 tuta
207 778 330 844 parant3
353 769 486 845 pendent
501 791 592 851 opera
605 775 774 853 interrupta,
789 778 946 855 minaeque

126 885 283 926 murorum
298 868 430 945 ingentes
444 884 626 949 aequataque
641 875 779 933 machina
792 875 886 935 caelo.

171 966 273 1040 Quam
288 969 423 1027 simulac
437 970 487 1029 tali
500 972 645 1048 persensit
658 984 741 1048 peste
755 975 850 1033 teneri

126 1084 202 1123 cara
218 1066 295 1124 Iovis
310 1068 446 1139 coniunx,
461 1088 518 1127 nec
531 1070 639 1129 famam
654 1071 772 1131 obstare
784 1071 883 1145 surorI,

126 1164 238 1222 talibus
252 1163 420 1240 adgreditur
432 1168 580 1227 Venerem
595 1168 727 1229 Saturnia
740 1168 845 1228 dictis:

127 1263 309 1338 ‘Egregiam
323 1281 393 1323 vero
407 1264 526 1323 laudem
543 1275 573 1324 et
586 1266 680 1342 spolia
693 1267 793 1342 ampla
805 1265 916 1326 refertis

125 1370 224 1435 tuque
238 1378 370 1437 puerque
384 1371 460 1441 tuus,
475 1381 615 1439 magnum
629 1374 659 1423 et
673 1364 862 1423 memorabile
874 1383 994 1439 nomen,

125 1478 190 1517 una
206 1458 276 1519 dolo
291 1458 390 1517 divom
404 1460 429 1519 si
443 1459 552 1519 femina
564 1461 641 1519 victa
655 1461 781 1521 duorum
794 1465 857 1521 est!

127 1558 200 1615 Nec
215 1575 264 1615 me
277 1556 356 1616 adeo
369 1557 442 1615 fallit
455 1558 575 1616 veritam
589 1568 619 1616 te
633 1559 751 1617 moenia
763 1569 863 1617 nostra

125 1664 286 1731 suspectas
300 1654 439 1714 habuisse
452 1653 559 1713 domos
576 1654 762 1731 Karthaginis
775 1656 860 1715 altae.

126 1752 190 1811 Sed
207 1753 271 1827 quis
286 1753 338 1811 erit
351 1751 469 1826 modus,
483 1760 534 1811 aut
547 1771 606 1827 quo
621 1770 700 1811 nunc
715 1754 874 1811 certamine
888 1754 992 1812 tanto?

127 1850 215 1925 Quin
229 1850 327 1925 potius
340 1869 448 1927 pacem
461 1860 610 1911 aeternam
623 1859 786 1925 pactosque
799 1850 978 1927 hymenaeos

126 1948 326 2007 exercemus?
367 1947 479 2019 Habes,
494 1956 556 2005 tota
570 1946 651 2023 quod
666 1956 765 2005 mente
780 1948 896 2023 petisti:

125 2045 216 2104 ardet
230 2062 331 2102 amans
346 2043 437 2116 Dido,
451 2026 594 2119 traxitque
608 2062 662 2119 per
674 2062 742 2103 ossa
754 2043 890 2103 furorem.

127 2144 333 2203 Communem
347 2142 427 2200 hunc
441 2159 510 2217 ergo
524 2142 666 2217 populum
680 2141 857 2217 paribusque
870 2161 1005 2217 regamus

126 2239 289 2315 auspiciis3
310 2238 397 2297 liceat
411 2238 535 2314 Phrygio
549 2238 654 2297 servire
669 2238 782 2310 marito,

126 2336 298 2411 dotalisque
313 2345 380 2393 tuae
395 2336 499 2411 Tyrios
513 2336 681 2412 permittere
696 2334 835 2395 dextrae.¹

168 2434 376 2495 Olli-sensit
390 2433 470 2490 enim
484 2433 618 2491 simulata
631 2442 729 2491 mente
743 2434 882 2506 locutam,

126 2551 187 2607 quo
202 2549 329 2606 regnum
343 2529 443 2588 Italiae
458 2530 583 2605 Libycas
597 2538 741 2588 averteret
754 2548 865 2589 oras-

126 2631 169 2688 sic
184 2639 290 2688 contra
305 2637 349 2685 est
364 2627 493 2702 ingressa
505 2628 625 2685 Venus:
648 2626 741 2701 ‘Quis
754 2628 823 2686 talia
835 2627 959 2687 demens

125 2730 248 2798 abnuat,
264 2734 314 2784 aut
328 2734 428 2785 tecum
441 2724 523 2783 malit
537 2721 718 2782 contendere
732 2723 820 2798 bello,

126 2827 149 2883 si
163 2824 270 2896 modo,
286 2821 367 2898 quod
381 2840 538 2893 memoras,
553 2820 662 2879 tactum
676 2821 792 2879 fortuna
804 2825 962 2899 sequatur?

126 2925 185 2984 Sed
199 2904 266 2983 satis
278 2924 392 2981 incerta
405 2921 489 2993 seror,
504 2919 528 2977 si
543 2916 675 2993 Iuppiter
688 2936 778 2978 unam

126 3041 191 3081 esse
204 3023 276 3081 velit
288 3020 382 3097 Tyriis
395 3019 498 3077 urbem
511 3016 658 3089 Troiaque
672 3015 819 3090 proiectis,

126 3121 281 3179 miscerive
295 3119 400 3195 probet
415 3115 551 3193 populos,
567 3121 616 3172 aut
629 3112 749 3171 foedera
762 3114 852 3191 iungi.

125 3218 171 3277 Tu
185 3218 334 3277 coniunx:
356 3216 409 3275 tibi
422 3216 465 3273 fas
480 3214 612 3271 animum
626 3220 768 3285 temptare
781 3211 942 3287 precando.

127 3310 238 3385 Perge;
261 3310 384 3383 sequar!
426 3308 504 3363 Turn
520 3304 562 3361 sic
578 3301 694 3377 excepit
707 3303 787 3378 regia
801 3304 896 3362 Iuno:

135 3408 268 3465 'Mecum
283 3406 336 3463 erit
349 3405 404 3464 iste
417 3405 517 3463 labor:
540 3420 620 3460 nunc
635 3418 694 3474 qua
707 3401 828 3472 ratione,
843 3400 926 3475 quod
938 3401 1027 3462 instat
1094 3468 1100 3480 ⁸

127 3502 246 3561 confieri
259 3503 360 3578 possit,
374 3503 487 3579 paucis,
502 3500 630 3570 adverte,
645 3498 771 3557 docebo.

126 3596 272 3657 Venatum
285 3600 401 3658 Aeneas
414 3617 532 3673 unaque
547 3598 710 3655 miserrima
723 3595 804 3655 Dido

127 3696 156 3754 in
168 3714 273 3755 nemus
288 3696 330 3755 ire
343 3706 457 3771 parant,
471 3695 521 3754 ubi
535 3694 644 3771 primos
659 3695 801 3753 crastinus
815 3703 895 3755 ortus

129 3793 258 3853 extulerit
270 3793 367 3867 Titan,
381 3791 529 3869 radiisque
543 3793 680 3849 retexerit
696 3794 808 3853 orbem.
899 3830 902 3835 -

519 3918 540 3953 ³⁴
551 3933 643 3967 numen.
666 3920 742 3980 Many
751 3923 803 3971 eds.

1140 3411 1183 3461 τις
