2834 4292
133 284 185 334 111.
198 282 268 348 324]
466 272 534 337 The
558 270 655 339 coast
677 276 718 358 of
734 274 868 358 Epims.
947 234 965 255 ⁴

130 454 268 511 Protinus
293 457 385 517 adrias
401 456 568 517 Phaeacum
582 458 792 519 abscondimus
805 478 897 533 arces,

130 556 276 631 litoraque
292 555 375 631 Epiri
389 555 511 631 legimus
525 566 671 633 portuque
686 557 816 615 subimus

130 653 281 724 Chaonio,
296 663 326 710 et
340 652 450 711 celsam
466 652 600 710 Buthroti
615 653 786 711 accedimus
800 654 914 713 urbem.

173 751 237 807 Hic
252 749 430 808 incredibilis
444 766 540 807 rerum
554 750 634 813 sama
646 760 777 824 occupat
790 751 875 822 auris,

128 847 302 905 Priamiden
318 847 470 905 Helenum
486 847 589 905 Graias
602 865 725 922 regnare
739 866 793 923 per
806 849 902 919 urbes,

127 944 272 1019 coniugio
286 944 436 1003 Aeacidae
452 944 552 1019 Pyrrhi
566 944 749 1019 sceptrisque
763 946 899 1021 potitum,

127 1050 159 1098 et
173 1042 272 1116 patrio
287 1040 518 1100 Andromachen
533 1042 637 1099 iterum
654 1042 776 1099 cessisse
791 1042 905 1101 marito.

126 1138 280 1213 Obstipui,
295 1129 427 1213 miroqu'e
442 1139 597 1197 incensum
611 1147 716 1214 pectus
730 1156 840 1210 amore,

126 1235 309 1309 compellare
323 1236 416 1293 virum
431 1245 460 1294 et
475 1254 559 1294 casus
575 1254 756 1311 cognoscere
771 1245 878 1294 tantos.

127 1330 308 1406 Progredior
320 1342 415 1408 portu,
430 1333 530 1392 classis
545 1342 574 1391 et
588 1334 672 1391 litora
686 1333 831 1408 linquens,

125 1429 279 1486 sollemnis
294 1448 362 1487 cum
376 1429 450 1488 forte
465 1429 557 1505 dapes
572 1440 602 1487 et
617 1430 708 1488 tristia
722 1429 804 1488 dona

125 1536 197 1583 ante
214 1525 315 1584 urbem
330 1526 360 1583 in
373 1526 440 1584 luco
454 1527 517 1585 falsi
532 1527 687 1585 Simoentis
702 1528 742 1587 ad
756 1528 869 1587 undam

125 1621 240 1680 libabat
253 1622 343 1680 cineri
356 1623 574 1695 Andromache,
591 1624 748 1699 Manisque
762 1626 888 1684 vocabat

126 1720 316 1777 Hectoreum
330 1719 370 1777 ad
383 1721 534 1792 tumulum,
549 1720 635 1779 viridi
649 1740 740 1796 quem
754 1723 883 1798 caespite
897 1724 1017 1783 inanem

125 1825 156 1873 et
169 1816 315 1890 geminas,
330 1834 449 1875 causam
463 1817 597 1890 lacrimis,
614 1828 777 1875 sacraverat
791 1838 864 1877 aras.

165 1915 213 1973 Ut
227 1931 275 1971 me
290 1915 443 1989 conspexit
457 1915 624 1973 venientem
640 1925 669 1973 et
683 1916 773 1973 Troia
787 1917 899 1975 circum

124 2029 210 2067 arma
224 2029 325 2068 amens
337 2010 418 2082 vidit,
433 2012 546 2087 magnis
561 2014 696 2071 exterrita
710 2014 846 2072 monstris

124 2106 255 2182 deriguit
268 2108 331 2165 visu
345 2107 375 2166 in
389 2107 499 2180 medi0,
514 2110 595 2167 calor
611 2128 678 2167 ossa
690 2110 826 2185 reliquit3

123 2203 242 2275 labitur,
257 2214 287 2261 et
300 2204 390 2280 longo
404 2206 451 2263 vix
465 2205 586 2265 tandem
604 2217 738 2282 tempore
753 2208 846 2267 fatur:

126 2302 262 2358 ‘Verane
277 2310 306 2359 te
320 2301 419 2373 facies,
433 2321 517 2362 verus
532 2303 605 2363 mihi
621 2305 740 2364 nuntius
754 2305 860 2378 adfers,

122 2408 193 2455 nate
210 2397 289 2455 dea?
328 2400 456 2471 Vivisne,
472 2410 531 2472 aut,
548 2401 572 2459 si
586 2402 635 2459 lux
650 2402 728 2461 alma
742 2406 870 2477 recessit,

126 2496 246 2553 Hector
256 2496 306 2553 ubi
320 2498 399 2553 est?'
441 2497 531 2569 Dixit,
547 2499 740 2575 lacrimasque
755 2502 858 2561 effudit
872 2514 902 2562 et
915 2522 1036 2573 omnem

124 2592 259 2667 implevit
274 2592 399 2651 clamore
414 2594 522 2655 locuni.
565 2597 622 2654 Vix
635 2615 733 2673 pauca
746 2599 851 2657 furenti

124 2690 251 2760 subicio,
266 2699 296 2747 et
309 2691 378 2748 raris
392 2693 521 2751 turbatus
536 2696 659 2755 vocibus
674 2696 777 2755 hisco:

126 2787 221 2845 ‘Vivo
234 2786 382 2861 equidem,
396 2789 544 2865 vitamque
559 2800 689 2851 extrema
702 2811 756 2869 per
769 2796 870 2855 omnia
883 2796 981 2873 duco;

124 2901 162 2941 ne
177 2883 292 2955 dubita,
308 2903 377 2943 nam
392 2904 460 2943 vera
473 2885 567 2947 vides.

126 2981 206 3051 Heu,
224 2981 289 3054 quis
303 2991 332 3038 te
348 3001 432 3040 casus
447 2983 593 3044 deiectam
609 2988 736 3065 coniuge
750 3000 834 3070 tanto

125 3078 244 3153 excipit,
257 3088 305 3135 aut
320 3096 395 3154 quae
410 3079 500 3157 digna
514 3083 582 3141 satis
598 3084 712 3143 fortuna
725 3088 823 3146 revisit

127 3174 267 3232 Hectoris
282 3166 534 3237 Andromachen?
576 3183 704 3257 Pyrrhin'
720 3186 849 3244 conubia
862 3192 995 3249 serras?’

165 3272 285 3330 Deiecit
298 3272 408 3331 voltum
423 3285 453 3333 et
468 3275 596 3335 demissa
609 3295 682 3337 voce
699 3281 798 3340 locuta
812 3293 874 3343 est:

126 3367 171 3425 ‘O
186 3368 256 3426 felix
269 3388 329 3427 una
343 3381 410 3429 ante
426 3373 496 3431 alias
512 3374 654 3433 Priameia
668 3378 758 3453 virgo,

126 3462 261 3523 hostilem
275 3466 315 3525 ad
328 3469 473 3527 tumulum
487 3471 593 3529 Troiae
609 3475 663 3531 sub
677 3476 833 3535 moenibus
847 3478 911 3537 altis

126 3559 203 3619 iussa
217 3564 301 3631 mori,
316 3582 393 3638 quae
407 3567 523 3627 sortitus
538 3586 599 3628 non
613 3573 731 3645 pertulit
747 3573 829 3647 ullos,

126 3674 181 3715 nec
195 3660 312 3718 victoris
327 3662 368 3719 eri
382 3663 476 3739 tetigit
490 3665 607 3740 captiva
621 3668 717 3727 cubile
731 3672 738 3728 l

253 3785 290 3821 ⁸1⁹
299 3788 472 3847 Andromache,
481 3804 551 3837 some
562 3793 622 3841 Mss,
631 3796 681 3840 and
691 3795 749 3843 Eds.
903 3800 1007 3850 Μαί.
1019 3804 1052 3851 Η.
