2834 4292
216 296 259 359 86
448 312 497 359 111.
521 294 552 357 T
547 295 588 359 lte
613 296 817 381 Wandm'ng
835 298 878 380 of
893 298 1033 362 AEneas.
1150 307 1280 371 [AEusrn

216 480 278 551 Ille,
293 488 325 537 ut
339 498 412 555 opes
426 480 534 538 fractae
549 481 706 553 Teucrum,
721 490 752 539 et
766 482 898 539 Fortuna
908 483 1039 554 recessit,

214 594 260 635 res
274 579 521 653 Agamemnonias
535 578 724 653 victriciaque
738 596 818 635 arma
831 588 958 650 secutus,

214 674 257 731 sas
271 692 360 731 omne
376 674 539 749 abrumpit,
561 674 741 749 Polydorum
753 676 920 745 obtruncat,
933 686 963 733 et
977 695 1049 735 auro

214 771 243 827 vi
256 771 373 845 potitur.
416 770 496 845 Quid
511 790 572 829 non
587 772 720 829 mortalia
733 782 855 847 pectora
869 791 960 847 cogis,

214 869 275 925 auri
289 886 370 926 sacra
384 868 497 925 sames?
538 870 696 943 Postquam
711 886 803 943 pavor
816 887 884 927 ossa
897 871 1022 945 reliquit,

215 964 346 1023 delectos
360 965 462 1040 populi
476 964 515 1023 ad
529 983 667 1039 proceres
682 967 869 1041 primumque
884 978 1035 1042 parentem

214 1073 343 1121 monstra
358 1062 447 1120 deum
462 1064 565 1135 resero,
581 1074 612 1121 et
625 1081 703 1137 quae
716 1064 754 1121 sit
767 1065 912 1122 sententia
926 1083 1028 1139 posco.

215 1158 360 1217 Omnibus
375 1158 455 1217 idem
469 1161 593 1231 animus,
608 1161 750 1218 scelerata
762 1161 907 1219 excedere
922 1172 1006 1232 terra,

214 1256 306 1331 linqui
320 1255 464 1330 pollutum
478 1256 647 1331 hospitium,
663 1267 692 1315 et
707 1258 777 1316 dare
793 1259 934 1316 classibus
948 1268 1072 1316 austros.

216 1352 296 1427 Ergo
310 1352 501 1411 instauramus
516 1354 662 1430 Polydoro
678 1356 773 1425 sunus,
789 1364 820 1412 et
833 1356 936 1431 ingens

216 1450 359 1524 aggeritur
372 1450 486 1509 tumulo
499 1451 603 1525 tellus;
626 1461 703 1509 stant
719 1452 858 1511 Manibus
872 1470 950 1523 arae,

215 1546 354 1605 caeruleis
369 1557 498 1606 maestae
512 1549 589 1606 vittis
604 1559 723 1624 atraque
739 1568 889 1624 cupresso,

216 1652 246 1700 et
260 1642 370 1701 circum
386 1644 493 1703 Iliades
508 1646 619 1702 crinem
634 1644 672 1703 de
687 1664 770 1704 more
785 1646 918 1719 solutae;

215 1740 365 1799 inserimus
377 1740 480 1816 tepido
494 1742 660 1817 spumantia
673 1743 790 1818 cymbia
804 1743 880 1801 lacte

131 1852 135 1863 ·
216 1838 363 1913 sanguinis
378 1846 408 1895 et
421 1838 495 1896 sacri
509 1848 633 1913 pateras,
647 1840 836 1915 animamque
851 1841 1008 1915 sepulchro

216 1934 379 2007 condimus,
395 1944 425 1993 et
439 1954 547 2011 magna
559 1954 730 2011 supremum
743 1956 820 1995 voce
833 1938 955 1996 ciemus.

257 2030 342 2103 Inde,
356 2032 406 2090 ubi
420 2032 514 2108 prima
527 2032 602 2090 fides
616 2034 731 2109 pelago,
746 2033 919 2109 placataque
934 2035 1014 2091 venti

216 2126 288 2187 dant
301 2129 392 2187 maria
405 2138 435 2187 et
449 2128 522 2187 lenis
538 2130 683 2205 crepitans
697 2141 785 2188 vocat
799 2134 904 2189 Auster
917 2131 948 2188 in
961 2132 1063 2203 altum,

216 2224 368 2283 deducunt
382 2226 457 2285 socii
470 2226 552 2284 navis
567 2235 596 2283 et
609 2226 694 2284 litora
707 2228 879 2303 complent:

215 2322 403 2398 provehimur
416 2332 511 2399 portu,
527 2333 680 2399 terraeque
694 2324 841 2400 urbesque
854 2324 1009 2383 recedunt.

216 2420 304 2477 Sacra
316 2418 387 2477 mari
402 2421 506 2477 colitur
519 2420 619 2478 medio
635 2421 797 2496 gratissima
810 2422 896 2481 tellus

217 2509 379 2569 Nereidum
393 2511 479 2569 matri
493 2521 524 2570 et
538 2512 679 2586 Neptuno
694 2514 825 2586 Aegaeo,

216 2626 306 2683 quam
319 2608 385 2683 pius
398 2608 571 2666 Arcitenens
586 2628 652 2666 oras
666 2618 696 2665 et
710 2610 795 2666 litora
807 2611 920 2668 circum

216 2714 359 2763 errantem
374 2706 506 2782 Mycono
521 2724 537 2763 e
552 2705 631 2763 celsa
645 2707 803 2781 Gyaroque
817 2708 949 2779 revinxit,

216 2803 427 2878 immotamque
441 2802 499 2859 coli
513 2801 597 2860 dedit
611 2813 640 2860 et
654 2813 845 2861 contemnere
859 2815 974 2863 ventos.

217 2900 287 2957 Huc
302 2900 397 2971 seror3
418 2899 492 2957 haec
507 2900 599 2957 fessos
613 2909 676 2958 tuto
690 2900 889 2976 placidissima
903 2912 989 2976 portu

216 2998 341 3073 accipit:
364 2997 471 3072 egressi
484 3016 656 3055 veneramur
668 2998 812 3072 Apollinis
826 2999 939 3056 urbem.

216 3096 282 3153 Rex
296 3095 396 3166 Anius,
410 3112 462 3151 rex
475 3094 555 3152 idem
570 3094 724 3153 hominum
740 3096 909 3169 Phoebique
921 3098 1068 3171 sacerdos,

215 3192 292 3250 vittis
307 3201 336 3250 et
350 3210 432 3250 sacra
444 3192 595 3250 redimitus
609 3201 744 3267 tempora
757 3193 847 3264 lauro,

216 3291 361 3362 occurrit;
383 3299 512 3349 veterem
525 3289 674 3347 Anchisen
690 3290 844 3365 adgnoscit
858 3291 995 3348 amicum.

217 3388 367 3463 Iungimus
383 3386 509 3461 hospitio
524 3386 649 3458 dextras,
665 3396 694 3445 et
708 3396 787 3445 tecta
800 3387 939 3445 subimus.

256 3485 382 3563 Templa
395 3483 444 3541 dei
458 3502 529 3541 saxo
542 3483 701 3541 venerabar
715 3494 823 3542 structa
836 3494 970 3541 vetusto:

218 3585 284 3641 ‘Da
297 3581 453 3658 propriam,
467 3580 659 3655 Thymbraee,
675 3580 816 3649 domum;
839 3581 879 3638 da
891 3581 1010 3638 moenia
1023 3581 1105 3639 fessis

217 3690 247 3739 et
260 3697 353 3755 genus
367 3687 396 3736 et
411 3695 576 3735 mansuram
590 3677 712 3749 urbem3
734 3695 817 3735 serva
830 3678 919 3735 altera
932 3678 1037 3735 Troiae

418 3803 442 3838 ’Ν
451 3804 615 3861 Arquitenens.
631 3802 661 3848 R.
869 3803 892 3837 ⁸2
902 3804 1022 3861 adgnovit.
1038 3804 1068 3850 R.
