2834 4292
123 317 167 366 1v.
179 315 254 382 667]
299 300 420 368 Dido’s
439 302 561 370 Curse:
587 304 655 369 She
671 306 785 389 Longs
797 307 864 389 for
882 304 1001 370 Death.

124 494 263 549 ‘Annam
277 509 346 550 cara
358 488 431 548 milri
444 490 540 548 nutrix
554 490 613 548 huc
628 490 695 548 siste
711 509 861 565 sororem;

123 589 171 648 dic
187 606 296 664 corpus
310 597 449 664 properet
463 587 568 646 fluviali
582 606 717 663 spargere
731 588 858 663 lympha,

122 695 152 744 et
164 686 301 762 pecudes
315 704 417 744 secum
432 695 462 743 et
476 695 636 744 monstrata
650 686 767 759 piacula
780 685 887 745 ducat:

122 785 164 842 sic
177 784 297 857 veniat;
319 793 410 858 tuque
424 783 489 858 ipsa
502 783 553 857 pia
566 792 632 857 tege
650 792 782 857 tempora
796 786 876 843 vitta.

122 882 210 941 Sacra
226 881 290 939 Iovi
305 880 413 956 Stygio,
428 898 504 955 quae
518 880 572 938 rite
586 880 705 955 incepta
721 882 830 956 paravi,

121 980 265 1056 perficere
281 987 326 1037 est
339 978 462 1049 animus,
477 976 626 1052 finemque
643 978 794 1053 imponere
810 981 895 1052 curis,

123 1076 327 1152 Dardaniique
341 1093 445 1151 rogum
460 1074 565 1150 capitis
580 1076 750 1151 permittere
765 1077 920 1138 flammae!

122 1176 169 1233 Sic
183 1176 244 1233 ait:
267 1174 316 1231 illa
328 1172 453 1249 gradum
467 1171 566 1231 studio
581 1173 728 1232 celerabat
743 1176 820 1233 anili.

161 1276 202 1331 At
215 1270 342 1347 trepida,
358 1280 388 1330 et
402 1271 515 1346 coeptis
531 1271 707 1329 immanibus
733 1272 821 1330 effera
837 1272 929 1346 Dido,

123 1371 317 1446 sanguineam
329 1368 449 1427 volvens
464 1368 568 1438 aciem,
584 1368 766 1443 maculisque
781 1371 932 1429 trementis

124 1468 264 1526 interfusa
277 1485 377 1543 genas,
392 1476 422 1524 et
436 1466 544 1541 pallida
558 1476 652 1525 morte
667 1466 770 1539 sutura,

124 1566 262 1624 interiora
277 1565 383 1624 domus
398 1564 537 1639 inrumpit
552 1564 659 1635 limina,
674 1574 704 1622 et
718 1564 791 1623 altos

125 1662 301 1721 conscendit
315 1660 471 1719 furibunda
485 1679 581 1736 rogos,
599 1678 759 1737 ensemque
773 1662 899 1722 recludit

126 1760 319 1831 Dardanium,
333 1778 395 1817 non
410 1758 464 1817 hos
478 1759 642 1832 quaesitum
657 1777 763 1817 munus
776 1760 807 1818 in
819 1780 899 1820 usus.

126 1858 194 1930 Hic,
209 1869 369 1934 postquam
384 1857 489 1915 Iliacas
503 1865 599 1914 vestes
613 1866 776 1931 notumque
791 1858 888 1917 cubile

127 1955 290 2031 conspexit,
304 1954 424 2030 paulum
439 1954 565 2011 lacrimls
579 1964 609 2011 et
623 1964 723 2011 mente
737 1966 860 2029 morata,

126 2053 316 2127 incubuitque
331 2060 405 2123 toro,
420 2050 552 2125 dixitque
566 2051 725 2109 novissima
737 2052 844 2112 verba:

165 2150 298 2207 ‘Dulces
313 2149 444 2219 exuviae,
459 2147 531 2205 dum
547 2147 605 2205 sata
620 2147 753 2223 deusque
767 2150 911 2223 sinebant,

128 2248 249 2323 accipite
264 2247 343 2305 hanc
357 2246 495 2316 animam,
511 2261 619 2320 meque
635 2246 679 2303 his
695 2247 835 2306 exsolvite
849 2250 936 2308 euris.

128 2345 200 2416 Vixi,
217 2354 256 2416 et,
272 2361 362 2418 quern
377 2341 500 2401 dederat
516 2361 633 2400 cursum
650 2343 774 2416 fortuna,
789 2346 900 2421 peregi,

129 2451 156 2498 et
169 2460 247 2499 nunc
262 2458 370 2515 magna
383 2440 442 2497 mei
457 2439 512 2498 sub
526 2448 616 2497 terras
631 2440 684 2498 ibit
697 2441 804 2517 imago.

129 2540 237 2597 Urbem
251 2537 433 2614 praeclaram
448 2537 553 2608 statui3
575 2554 644 2595 mea
657 2538 777 2597 moenia
788 2538 849 2597 vidi
859 2560 870 2614 ;

129 2635 185 2694 ulta
197 2638 301 2707 virum,
314 2653 428 2711 poenas
442 2634 562 2692 inimico
577 2653 595 2691 a
608 2634 693 2693 fratre
707 2636 827 2712 recepi3

130 2732 201 2805 lelix,
216 2734 274 2792 heu
289 2734 412 2792 nimium
426 2732 504 2803 felix,
520 2732 544 2790 si
558 2732 642 2789 litora
656 2742 770 2792 tantum

91 2875 98 2888 ,
130 2848 289 2906 numquam
304 2830 470 2890 Dardaniae
486 2830 648 2905 tetigissent
663 2840 764 2888 nostra
776 2832 894 2891 carinae
907 2836 933 2892 l’

168 2930 259 3001 Dixit,
275 2938 313 3001 et,
327 2948 361 2987 os
377 2929 520 3004 impressa
535 2938 609 2999 toro,
627 2929 811 2987 ‘Moriemur
824 2930 942 3002 inultae,

132 3027 180 3084 sed
195 3028 372 3087 moriamur'
388 3028 436 3085 ait.
480 3027 554 3098 ‘Sic,
570 3028 612 3085 sic
628 3026 705 3084 iuvat
721 3027 762 3084 ire
776 3029 832 3085 sub
845 3029 982 3090 umbras:

134 3124 254 3183 Hauriat
268 3126 346 3184 hunc
361 3125 453 3183 oculis
468 3125 567 3199 ignem
582 3122 708 3182 cmdelis
724 3125 763 3182 ab
776 3126 836 3183 alto

135 3220 292 3294 Dardanus,
308 3232 338 3281 et
351 3232 467 3281 nostrae
483 3238 585 3281 secum
600 3222 673 3280 ierat
687 3224 788 3280 omina
802 3224 924 3284 mortis‘

72 3316 74 3321 ’
135 3318 268 3391 Dixerat3
290 3330 377 3395 atque
392 3320 470 3377 illam
484 3319 584 3377 media
597 3320 673 3377 inter
686 3320 755 3377 talia
768 3320 844 3379 ferro

136 3418 298 3493 conlapsam
312 3418 457 3493 aspiciunt
473 3417 605 3488 comites,
622 3434 783 3492 ensemque
798 3437 901 3477 cruore

136 3525 323 3588 spumantem,
338 3533 510 3591 sparsasque
525 3532 637 3573 manus.
681 3517 708 3574 It
723 3516 835 3574 clamor
847 3517 887 3577 ad
900 3518 960 3579 alta

138 3613 220 3686 atria3
241 3632 417 3671 concussam
431 3613 591 3671 bacchatur
606 3614 697 3670 Fama
710 3632 764 3687 per
776 3614 888 3676 urbem.

140 3706 279 3769 lamentis
293 3710 462 3788 gemituque
477 3720 508 3768 et
521 3710 649 3767 femineo
664 3710 773 3769 ululatu

379 3837 412 3873 Ν
417 3838 557 3899 perficerem,
567 3850 603 3895 so,
613 3838 684 3895 often,
694 3838 737 3885 but
748 3846 791 3885 not
800 3841 894 3900 always.
909 3841 940 3890 R.

1122 322 1179 389 125

1139 590 1183 647 635
