2834 4292
114 342 251 409 V1.152.]
469 331 535 395 The
559 328 684 408 Golden
707 328 834 412 Bouglc.

114 520 139 577 si
154 519 259 595 potuit
273 520 378 576 Manes
392 535 538 577 arcessere
553 516 686 591 coniugis
701 513 846 590 Orpheus,

114 616 259 673 Threicia
273 616 362 673 fretus
376 616 487 672 cithara
500 614 666 688 fidibusque
682 612 807 682 canoris,

115 714 139 772 si
154 714 277 770 fratrem
294 713 396 770 Pollux
409 712 520 769 alterna
533 720 627 767 morte
642 708 777 779 redemit,

115 812 197 885 itque
213 808 353 884 reditque
367 808 444 865 viam
459 808 575 865 totiens.
619 804 701 879 Quid
715 806 840 877 Thesea,
854 822 994 880 magnum

115 906 189 988 quid
206 923 373 963 memorem
389 903 535 961 Alciden?
576 902 615 959 Et
629 902 670 959 mi
682 919 776 977 genus
790 902 825 960 ab
839 903 910 960 Iove
925 902 1060 960 summo!
1098 956 1103 965 ,

154 1004 282 1062 Talibus
298 1002 399 1059 orabat
413 1000 509 1071 dictis,
527 1016 648 1074 arasque
664 999 793 1069 tenebat,

116 1120 187 1158 cum
201 1102 249 1158 sic
264 1117 330 1157 orsa
342 1098 423 1172 loqui
439 1107 537 1154 vates:
561 1096 645 1153 ‘Sate
661 1096 803 1170 sanguine
817 1093 927 1166 divom,

116 1200 191 1256 Tros
206 1194 399 1266 Anchisiade,
416 1193 507 1278 facilis
524 1192 684 1250 descensus
699 1195 837 1264 Avem03

116 1305 223 1353 noctes
239 1303 328 1369 atque
344 1291 408 1351 dies
422 1274 504 1367 patet
518 1290 572 1347 atri
587 1290 674 1347 ianua
690 1291 787 1361 Ditis;

97 1403 99 1412 ’
117 1393 171 1450 sed
185 1408 327 1449 revocare
342 1388 466 1465 gradum
483 1405 662 1462 superasque
677 1386 801 1444 evadere
816 1387 855 1444 ad
868 1407 962 1459 auras,

117 1491 280 1577 *Q
294 1489 343 1569 hic
359 1488 441 1567 labor
456 1482 508 1567 est.
534 1488 633 1559 Pauci,
649 1506 723 1564 quos
737 1505 849 1563 aequus
863 1489 970 1547 amavit

118 1588 264 1662 Iuppiter,
280 1595 329 1643 aut
343 1584 448 1643 ardens
466 1586 562 1643 evexit
576 1584 615 1643 ad
629 1586 749 1643 aethera
761 1586 858 1655 virtus,

120 1684 163 1751 dis
178 1684 273 1759 geniti
287 1692 420 1758 potuere.
463 1684 581 1740 Tenent
594 1681 694 1739 media
707 1683 808 1740 omnia
821 1683 919 1756 silvae,

120 1782 312 1856 Cocytusque
329 1780 394 1839 sinu
409 1781 509 1839 labens
526 1781 717 1838 circumvenit
731 1790 802 1838 atr0.

121 1879 213 1952 Quod
227 1878 253 1936 si
268 1887 364 1936 tantus
382 1896 466 1935 amor
479 1878 580 1949 menti,
595 1878 620 1935 si
634 1886 715 1934 tanta
729 1876 839 1952 cupido
852 1886 907 1950 est,

120 1976 163 2033 bis
178 1976 295 2051 Stygios
308 1975 408 2033 innare
425 1975 514 2045 lacus,
530 1975 575 2033 bis
590 1975 672 2049 nigra
684 1974 785 2033 videre

120 2074 250 2145 Tartara,
268 2082 297 2129 et
310 2072 414 2130 insano
429 2073 507 2129 iuvat
521 2070 672 2149 indulgere
686 2072 788 2143 labori,

122 2171 235 2245 accipe,
248 2187 328 2245 quae
344 2168 513 2245 peragenda
526 2169 615 2244 prius.
658 2170 743 2227 Latet
757 2170 859 2228 arbore
873 2188 969 2247 opaca

122 2286 225 2326 aureus
241 2277 273 2327 et
287 2268 361 2326 foliis
375 2276 406 2325 et
419 2268 500 2325 lento
514 2267 622 2326 vimine
637 2286 745 2338 ramus,

124 2364 230 2422 iunoni
246 2364 377 2422 infernae
391 2364 487 2423 dictus
502 2382 603 2436 sacer;
626 2364 704 2422 hunc
719 2364 791 2440 tegit
805 2366 901 2424 omnis

124 2460 213 2531 lucus,
230 2471 262 2519 et
276 2462 406 2520 obscuris
422 2460 564 2519 claudunt
578 2462 759 2520 convallibus
774 2462 904 2521 umbrae.

125 2558 181 2616 Sed
196 2578 259 2617 non
274 2568 341 2616 ante
356 2557 442 2617 datur
455 2558 563 2617 telluris
579 2568 682 2633 operta
696 2560 803 2630 subire,

125 2656 289 2715 auricomos
305 2672 395 2731 quarn
411 2656 475 2731 quis
490 2655 670 2731 decerpserit
684 2657 787 2714 arbore
801 2656 887 2715 fetus.

126 2752 193 2809 Hoc
208 2753 266 2811 sibi
281 2752 402 2828 pulchra
416 2772 501 2811 suum
517 2753 583 2811 ferri
599 2754 773 2829 Proserpina
785 2771 891 2815 munus

126 2848 256 2908 instituit.
300 2850 398 2908 Primo
414 2851 515 2909 avulso
529 2869 592 2910 non
607 2849 708 2908 deficit
722 2852 794 2909 alter

126 2963 236 3017 aureus,
252 2956 283 3005 et
297 2947 383 3005 simili
398 2946 560 3007 frondescit
573 2949 653 3025 virga
667 2948 795 3005 metallo.

128 3040 202 3117 Ergo
217 3044 275 3101 alte
290 3044 401 3119 vestiga
416 3045 519 3116 oculis,
534 3056 564 3103 et
578 3046 631 3103 rite
646 3054 795 3120 repertum

128 3156 210 3213 carpe
227 3160 315 3199 manu
327 3161 336 3214 ;
358 3160 488 3216 namque
505 3142 568 3217 ipse
582 3143 681 3201 volens
695 3142 848 3217 facilisque
861 3152 1007 3221 sequetur,

129 3236 151 3291 si
165 3246 192 3295 te
207 3240 266 3295 sata
280 3249 388 3297 vocant
400 3259 408 3311 3
433 3240 515 3299 aliter
529 3259 591 3299 non
604 3242 712 3299 viribus
727 3241 792 3300 ullis

129 3333 251 3406 vincere,
265 3354 322 3393 nec
338 3336 413 3397 duro
427 3338 538 3413 poteris
549 3338 713 3396 convellere
729 3339 813 3397 ferro.

131 3430 277 3492 Praeterea
291 3435 368 3494 iacet
384 3437 552 3493 exanimum
566 3436 618 3494 tibi
633 3454 740 3511 corpus
754 3436 891 3494 amici-

131 3526 183 3587 heu
197 3533 292 3590 nescis
304 3541 505 3608 -totamque
521 3534 645 3591 incestat
659 3533 760 3590 sunere
776 3534 908 3606 classem,

133 3623 197 3685 dum
215 3630 347 3688 consulta
361 3630 436 3705 petis
450 3639 610 3705 nostroque
625 3630 654 3687 in
668 3630 767 3687 limine
782 3630 905 3705 pendes.

133 3720 248 3784 Sedibus
266 3726 345 3784 hunc
359 3726 434 3785 refer
449 3737 518 3785 ante
533 3728 636 3786 suiset
651 3727 750 3785 conde
764 3729 929 3803 sepulchro.

271 3853 305 3888 1²⁶
316 3854 470 3903 Anchisiades.
487 3856 520 3901 H.
623 3854 656 3889 ¹⁸⁸
666 3854 764 3900 without
774 3861 813 3901 est.
830 3857 858 3901 R.
960 3855 992 3888 141
1003 3856 1051 3911 qui.
1067 3857 1095 3901 R.
