2834 4292
235 324 295 371 112
481 326 525 372 1v.
550 309 739 391 Departure
749 310 846 394 from
865 309 1036 395 Carthage.
1161 321 1285 387 [AEuem.

231 491 373 567 gaudens,
388 500 418 550 et
431 493 538 567 pariter
551 494 627 551 lacta
641 504 730 569 atque
744 494 853 553 inlecta
865 497 1008 556 canebat:
1246 506 1289 552 ¹9⁰

230 590 345 648 venisse
359 591 491 663 Aenean,
505 591 634 649 Troiano
648 593 790 667 sanguine
803 604 926 667 cretum,

231 687 280 745 cui
293 704 325 745 se
339 688 460 763 pulchra
473 688 534 746 viro
549 687 684 763 dignetur
697 690 816 765 iungere
830 691 932 766 Dido;

230 802 311 843 nune
325 785 452 843 hiemem
468 784 542 842 inter
555 804 587 843 se
601 786 679 857 luxu,
694 804 784 861 quam
797 788 893 864 longa,
906 790 1006 849 lovere

230 899 387 956 regnomm
401 882 588 941 immemores
603 883 739 959 turpique
753 885 892 960 cupidine
906 897 1018 962 captos.

231 980 318 1037 Haec
332 979 442 1054 passim
457 978 515 1037 dea
527 977 617 1037 foeda
629 980 723 1039 virum
737 980 872 1040 dilluudit
886 984 917 1041 in
930 1002 991 1067 ora.

232 1076 365 1134 Protinus
376 1075 415 1134 ad
429 1094 529 1155 regem
544 1094 645 1135 cursus
658 1076 815 1153 detorquet
830 1081 944 1153 Iarban,

231 1172 420 1247 incenditque
435 1174 565 1231 animum
580 1172 666 1231 dictis
680 1184 769 1250 atque
783 1188 900 1252 aggerat
913 1179 978 1238 iras.

272 1271 332 1327 Hic
348 1272 520 1345 Hammone
534 1280 622 1343 satus,
636 1281 719 1346 rapta
732 1274 943 1333 Garamantide
957 1274 1106 1352 Nympha,

229 1368 340 1443 templa
355 1368 419 1426 Iovi
433 1378 553 1426 centum
566 1369 630 1427 latis
644 1370 783 1428 immania
795 1372 900 1445 regnis,

230 1476 349 1524 centum
364 1485 426 1524 aras
441 1468 548 1542 posuit,
562 1467 738 1543 vigilemque
752 1480 913 1527 sacraverat
925 1469 1035 1545 ignem,

229 1565 367 1647 excqbias
382 1563 481 1623 divom
495 1574 636 1636 aeternas,
651 1564 860 1641 pecudumque
874 1585 977 1625 cruore

229 1661 338 1737 pingue
351 1662 445 1721 solum
460 1673 489 1721 et
504 1662 587 1719 variis
602 1662 735 1720 florentia
748 1663 847 1722 limina
859 1666 950 1723 sertis.

192 1742 318 1836 ‘lique
333 1779 435 1820 amens
450 1760 539 1819 animi
554 1770 584 1818 et
597 1778 714 1819 rumore
727 1778 870 1820 accensus
884 1780 985 1821 amaro

229 1858 336 1917 dicitur
350 1869 417 1935 ante
432 1878 495 1918 aras
509 1858 609 1916 media
622 1859 697 1916 inter
711 1859 832 1916 numina
845 1859 945 1917 divom

229 1957 318 2014 multa
335 1958 438 2015 Iovem
452 1956 586 2015 manibus
601 1957 724 2031 supplex
737 1939 835 2014 orasse
849 1959 978 2033 supinis:

270 2057 417 2132 ‘Iuppiter
431 2056 627 2131 omnipotens,
643 2056 691 2114 cui
704 2073 784 2113 nunc
798 2058 948 2115 Maurusia
960 2058 1046 2132 pictis

228 2172 300 2230 gens
315 2155 433 2230 epulata
446 2155 515 2213 toris
531 2155 682 2213 Lenaeum
697 2154 767 2212 libat
781 2154 934 2227 honorem,

229 2253 334 2327 aspicis
349 2252 432 2323 haec,
447 2271 485 2309 an
500 2261 538 2323 te,
554 2251 677 2327 genitor,
692 2269 761 2309 cum
775 2252 895 2311 fulmina
908 2265 1038 2329 torques,

228 2352 407 2427 nequiquam
422 2351 583 2422 horremus,
599 2350 739 2425 caecique
754 2350 784 2407 in
798 2352 923 2409 nubibus
937 2353 1020 2427 ignes

228 2450 384 2507 terrificant
399 2450 512 2507 animos
527 2458 556 2507 et
571 2448 669 2505 inania
682 2466 830 2506 murmura
843 2450 988 2508 miscent?

228 2548 359 2619 Femina,
374 2565 450 2623 quae
465 2548 570 2605 nostris
583 2564 680 2604 errans
695 2546 725 2603 in
738 2546 844 2605 finibus
857 2548 960 2606 urbem

227 2644 361 2720 exiguam
376 2646 470 2721 pretio
485 2646 590 2721 posuit,
605 2646 653 2703 cui
666 2646 732 2704 litus
745 2645 886 2703 arandum

227 2744 334 2819 cuique
349 2744 407 2801 loci
421 2744 500 2818 leges
517 2742 662 2814 dedimus,
679 2744 806 2802 conubia
819 2754 918 2801 nostra

227 2842 361 2917 reppulit,
376 2860 411 2898 ac
427 2841 581 2898 dominum
596 2842 719 2899 Aenean
733 2842 763 2898 in
774 2860 863 2916 regna
875 2842 996 2917 recepit.

228 2941 267 2997 Et
281 2957 360 2996 nunc
375 2939 421 2997 ille
438 2940 516 2997 Paris
531 2957 600 2996 cum
615 2940 749 2997 semiviro
764 2940 912 3010 comitatu,

229 3037 369 3095 Maeonia
383 3047 515 3095 mentum
531 3038 615 3094 mitra
628 3037 800 3111 crinemque
813 3037 983 3095 madentem

227 3136 384 3207 subnexus,
400 3146 484 3211 rapto
499 3136 625 3212 potitur:
649 3154 704 3194 nos
719 3154 841 3193 munera
854 3137 970 3211 templis

228 3234 338 3310 quippe
352 3234 408 3292 tuis
423 3234 548 3305 ferimus,
563 3234 729 3309 famamque
743 3235 875 3291 fovemus
889 3235 1025 3294 inanem?

268 3331 387 3389 Talibus
402 3343 534 3390 orantem
549 3331 634 3390 dictis
649 3349 771 3406 arasque
785 3342 936 3389 tenentem

229 3427 322 3487 audiit
335 3429 532 3503 omnipotens
547 3429 708 3503 oculosque
723 3428 761 3486 ad
777 3429 894 3486 moenia
906 3429 989 3487 torsit

228 3527 308 3601 regia
321 3535 351 3583 et
365 3526 470 3583 oblitos
485 3526 578 3583 famae
594 3526 720 3583 melioris
732 3536 873 3584 amantes.

228 3624 305 3682 Tum
319 3624 361 3681 sic
377 3623 557 3681 Mercurium
571 3621 737 3697 adloquitur
752 3642 787 3679 ac
802 3624 870 3681 talia
883 3621 1022 3682 mandat:

230 3720 331 3779 ‘Vade
345 3739 408 3794 age,
423 3730 500 3790 nate,
515 3738 590 3778 voca
603 3720 752 3794 Zephyros
766 3731 796 3779 et
809 3720 908 3777 labere
921 3720 1036 3795 pennis,

231 3815 470 3893 Dardaniumque
485 3814 602 3885 ducem,
617 3815 704 3889 Tyria
721 3814 901 3890 Karthagine
916 3817 966 3890 qui
979 3834 1058 3874 nunc
