2834 4292
159 346 281 413 1[.354]
397 336 561 419 Warnt'ng
580 336 779 419 Apparitirm
802 338 844 418 of
858 336 988 399 Hector.
1174 338 1221 419 69

158 522 223 597 ipse
237 521 333 593 trahit,
349 539 493 597 cursuque
508 538 611 579 amens
623 520 664 579 ad
678 520 779 579 limina
790 519 896 579 tendit
985 557 989 563 ·

158 618 249 691 ‘Quo
263 637 309 675 res
323 618 539 715 summasloco,
556 618 691 675 Panthu?
725 618 823 691 Quam
838 616 1009 693 prendimus
1020 618 1159 675 arcem?'

155 716 216 772 Vix
231 733 266 772 ea
280 716 355 773 satus
370 732 459 785 eram,
474 715 586 789 gemitu
601 732 669 773 cum
684 714 753 771 talia
764 713 881 772 reddit:

156 812 266 869 ‘Venit
279 830 396 870 summa
410 810 473 869 dies
487 820 519 869 et
533 810 718 891 ineluctabile
733 820 850 886 tempus

156 908 346 967 Dardaniae:
368 908 474 966 fuimus
488 908 591 979 Troes,
606 908 659 966 suit
675 908 762 965 ilium
775 917 806 966 et
820 908 923 983 ingens

154 1006 250 1079 gioria
263 1006 446 1063 Teucrorum
456 1024 465 1079 ;
488 1005 565 1063 serus
578 1006 680 1063 omnia
694 1004 828 1079 Iuppiter
841 1006 935 1079 Argos

153 1102 320 1173 transtulit:
342 1102 465 1159 incensa
479 1102 578 1159 Danai
592 1100 783 1159 dominantur
796 1101 827 1158 in
840 1100 922 1159 urbe.

153 1198 274 1256 Arduus
288 1196 415 1256 annat'os
429 1196 534 1256 mediis
549 1199 579 1255 in
594 1197 751 1257 moenibus
764 1196 883 1255 adstans

152 1295 253 1353 fundit
267 1313 368 1371 equus,
383 1296 534 1370 victorque
549 1295 641 1354 Sinon
655 1292 795 1353 incendia
807 1294 912 1352 miscet

152 1393 297 1451 insultans
309 1413 318 1464 ς
340 1393 431 1467 portis
445 1392 492 1451 aiii
506 1392 705 1467 bipatentibus
719 1390 836 1462 adsunt,

151 1489 235 1547 milia
249 1500 320 1565 quot
335 1490 447 1565 magnis
462 1507 603 1565 umquam
617 1506 726 1548 venere
741 1489 896 1564 Mycenis:

150 1586 301 1644 obsedere
316 1586 363 1644 alii
378 1587 441 1644 telis
456 1596 580 1662 angusta
592 1586 704 1644 viarum

150 1683 303 1758 oppositi:
325 1692 381 1741 stat
394 1683 460 1741 ferri
475 1684 553 1742 acies
566 1700 708 1741 mucrone
723 1700 848 1741 conrsco

149 1780 262 1852 stricta,
274 1790 376 1855 parata
389 1781 457 1838 neci
468 1800 476 1852 ;
497 1780 545 1838 vix
558 1780 644 1856 primi
659 1781 771 1856 proelia
784 1788 931 1855 temptant
983 1829 987 1834 .

149 1887 303 1952 portarum
317 1876 426 1953 vigiles,
441 1886 472 1935 et
485 1894 577 1935 caeco
592 1878 687 1936 Marte
701 1878 860 1937 resistunt'

197 1973 317 2032 Talibus
339 1972 507 2047 Othryadae
528 1974 614 2034 dictis
629 1984 660 2033 et
673 1975 795 2033 numine
808 1974 910 2033 divom

149 2072 184 2129 in
199 2070 332 2129 flammas
347 2080 376 2129 et
390 2071 421 2129 in
435 2088 516 2130 arma
528 2072 613 2141 feror,
628 2089 689 2146 quo
703 2070 791 2129 tristis
806 2072 919 2147 Erinys,

150 2185 214 2243 quo
228 2168 357 2226 fremitus
371 2178 460 2228 vocat
473 2178 504 2228 et
517 2169 646 2228 sublatus
660 2168 699 2227 ad
714 2168 834 2226 aethera
847 2169 968 2227 clamor.

150 2264 277 2322 Addunt
290 2283 321 2323 se
336 2266 432 2324 socios
448 2266 582 2341 Rhipeus
596 2274 626 2324 et
639 2266 784 2324 maximus
797 2266 884 2324 armis

151 2362 268 2436 Epytus
282 2362 372 2421 oblati
386 2380 440 2438 per
451 2363 551 2421 lunam
566 2364 761 2439 Hypanisque
777 2364 955 2439 Dymasque,

150 2467 181 2516 et
196 2459 278 2516 lateri
292 2458 494 2535 adglomerant
507 2471 617 2531 nostro,
632 2460 804 2535 iuvenisque
817 2460 981 2532 Coroebus,

150 2555 371 2631 Mygdonides:
390 2556 446 2615 iilis
461 2556 499 2615 ad
513 2558 632 2615 Troiam
646 2557 721 2615 forte
735 2555 841 2615 diebus

148 2636 281 2723 venerat,
296 2652 399 2711 insano
413 2653 595 2712 Cassandrae
611 2654 748 2711 incensus
762 2672 872 2726 amore,

149 2758 181 2807 et
195 2767 287 2823 gener
300 2749 438 2807 auxilium
454 2751 569 2809 Priamo
584 2750 805 2828 Phrygibusque
818 2752 941 2825 serebat,

148 2846 260 2916 infelix,
275 2847 325 2920 qui
340 2864 401 2905 non
415 2864 541 2922 sponsae
555 2858 715 2923 praecepta
728 2848 848 2907 furentis

149 2942 285 3001 audierit.

190 3040 277 3114 Quos
291 3040 342 3098 ubi
356 3041 503 3099 confertos
517 3040 625 3100 audere
641 3043 671 3100 in
685 3044 798 3118 proelia
812 3044 881 3114 vidi,

147 3138 261 3213 incipio
275 3155 362 3221 super
376 3137 420 3196 his
432 3159 439 3197 ε
450 3139 610 3211 ·‘Iuvenes,
626 3140 782 3198 fortissima
795 3141 899 3201 frustra

147 3243 282 3311 pectora,
297 3234 321 3292 si
335 3235 420 3294 vobis
434 3234 595 3295 audentem
610 3247 740 3295 extrema
754 3238 865 3314 cupido

149 3340 230 3389 certa
244 3331 338 3405 sequi,
351 3348 429 3406 quae
443 3332 481 3390 sit
494 3333 580 3391 rebus
594 3332 710 3392 fortuna
724 3334 847 3394 videtis:

149 3445 305 3487 excessere
319 3446 434 3500 omnes,
449 3427 543 3504 adytis
558 3430 672 3505 arisque
686 3431 804 3503 relictis,

147 3525 189 3596 di,
204 3524 311 3599 quibus
326 3526 480 3601 imperium
495 3526 554 3584 hoc
569 3536 706 3600 steterat3
728 3530 893 3590 succurritis
908 3532 972 3593 urbi

147 3623 307 3694 incensae3
330 3623 489 3681 moriamur
501 3632 531 3681 et
545 3624 575 3681 in
590 3624 688 3682 media
701 3644 783 3684 arma
795 3646 921 3689 ruamus.

148 3720 219 3778 Una
232 3719 309 3777 salus
323 3719 416 3790 victis,
431 3720 539 3778 nullam
554 3738 670 3795 sperare
685 3724 828 3782 salutem!

294 3843 426 3891 828ustrou.
442 3847 470 3892 R.
591 3845 698 3894 ³²⁹ecus.
715 3850 743 3896 R.
859 3850 1015 3911 ”turpans
1032 3854 1060 3901 R.
