2834 4292
162 320 184 368 1.
197 317 267 384 659]
516 307 649 370 AEneas
670 305 744 369 and
760 305 858 369 Dido.

164 509 253 565 seque
269 500 364 548 ortum
378 490 497 565 antiqua
509 491 690 548 Teucrorum
704 489 743 547 ab
756 489 845 563 stirpe
857 490 983 550 volebat.

127 652 133 663 ¹
165 587 263 661 Quare
278 588 363 662 agite,
379 588 407 646 Ο
422 589 515 659 tectis,
531 589 658 666 iuvenes
674 586 825 644 succedite
838 587 953 646 nostris.

129 666 216 742 'lle
231 702 350 759 quoque
364 703 417 759 per
430 685 537 742 multos
552 685 650 742 similis
665 683 779 740 fortuna
792 682 907 742 labores

162 782 300 838 iactatam
315 781 370 838 hac
385 781 506 839 demum
519 781 618 838 voluit·
624 780 783 838 consistere
796 788 880 838 terra.

143 874 234 944 [Non
249 878 348 952 ignara
361 878 438 949 mali,
454 878 565 936 miseris
579 895 746 952 succurrere
760 876 865 934 disco!

204 975 251 1032 Sic
265 984 428 1047 memorat;
449 973 535 1032 simul
548 977 671 1032 Aenean
685 975 714 1031 in
728 974 808 1048 regia
821 972 904 1032 ducit

162 1081 251 1142 tecta,
266 1072 351 1130 simul
365 1073 464 1130 divom
478 1072 594 1146 templis
609 1070 713 1129 indicit
726 1071 879 1129 honorem.

163 1169 231 1250 Nec
246 1169 340 1226 minus
354 1169 465 1226 interea
478 1170 565 1226 sociis
578 1167 617 1226 ad
631 1168 715 1226 litora
729 1168 815 1226 mittit

162 1265 264 1340 viginti
279 1275 384 1336 tauros
401 1283 573 1340 magnorum
587 1265 734 1322 horrentia
749 1273 868 1322 centum

161 1371 245 1437 terga
259 1379 353 1433 suum,
367 1362 483 1437 pinguis
497 1371 619 1419 centum
633 1381 701 1419 cum
716 1362 854 1420 matribus
868 1379 970 1438 agnos,

161 1477 286 1517 munera
300 1459 495 1531 laetitiamque
511 1457 561 1516 dii.

205 1559 244 1614 At
258 1555 363 1614 domus
377 1556 495 1613 interior
507 1556 596 1630 regali
610 1555 765 1630 splendida
778 1557 847 1614 luxu

162 1654 320 1724 instruitur,
335 1651 498 1727 mediisque
513 1635 618 1728 parant
632 1633 765 1710 coniitia
776 1631 880 1712 tectis:

161 1759 225 1808 arte
240 1750 386 1808 laboratae
400 1760 495 1808 vestes
506 1759 644 1824 ostroque
660 1750 795 1825 superbo,

161 1849 268 1922 ingens
283 1856 434 1922 argentum
448 1847 565 1918 mensis,
581 1847 750 1922 caelataque
765 1849 795 1904 in
809 1865 881 1906 auro

162 1945 250 2002 fortia
263 1944 340 2002 lacta
353 1953 477 2019 patrum,
492 1943 581 2002 series
595 1944 764 2019 longissima
776 1963 872 2002 rerum

161 2060 218 2118 per
230 2049 274 2099 tot
289 2040 379 2098 ducta
392 2041 467 2098 viros
481 2042 600 2116 antiqua
614 2041 652 2099 ab
665 2041 778 2116 origine
792 2042 895 2116 gentis.

205 2141 320 2196 Aeneas
340 2139 453 2214 (neque
468 2139 547 2197 enim
561 2139 671 2214 patrius
685 2139 844 2196 consistere
858 2148 988 2197 mentem

161 2253 267 2313 passus
281 2236 377 2312 amor)
396 2235 531 2311 rapidum
546 2236 585 2293 ad
598 2237 679 2294 navis
694 2236 851 2310 praemittit
866 2237 1008 2308 Achaten,

161 2335 293 2394 Ascanio
306 2335 378 2392 ferat
392 2335 475 2405 haec,
491 2335 646 2409 ipsumque
663 2333 701 2390 ad
717 2334 834 2390 moenia
847 2333 956 2406 ducat,

162 2433 261 2492 omnis
275 2433 306 2489 in
320 2432 447 2490 Ascanio
463 2433 521 2488 cari
536 2441 591 2490 stat
605 2451 675 2489 cura
689 2431 826 2505 parentis.

163 2533 291 2589 Munera
304 2538 462 2605 praeterea,
479 2529 575 2586 Iliacis
590 2539 690 2604 erepta
704 2528 802 2598 ruinis,

162 2630 237 2686 serre
252 2629 341 2699 iubet,
356 2627 462 2703 pallam
476 2627 565 2702 signis
579 2645 710 2700 auroque
723 2627 877 2701 rigentem,

163 2736 195 2784 et
209 2727 433 2782 circumtextum
448 2741 555 2782 croceo
569 2725 703 2781 velamen
717 2724 854 2794 acanth0,

162 2832 282 2882 ornatus
296 2823 419 2897 Argivae
435 2821 580 2892 Helenae,
596 2839 670 2897 quos
685 2821 734 2879 illa
747 2822 892 2896 Mycenis,

163 2923 307 2996 Pergama
321 2938 389 2976 cum
403 2929 516 3008 peteret
531 2920 779 2992 inconcessosque
794 2919 984 2994 hymenaeos,

163 3017 314 3088 extulerat,
328 3017 426 3076 matris
442 3016 541 3075 Ledae
557 3017 687 3074 mirabile
703 3015 834 3073 donum:

162 3124 314 3190 praeterea
328 3123 486 3189 sceptrum,
504 3113 597 3171 Ilione
614 3112 695 3187 quod
709 3122 838 3188 gesserat
852 3113 932 3185 olim,

161 3212 292 3269 maxima
305 3220 439 3268 natarum
455 3210 570 3280 Priami,
586 3210 722 3283 colloque
737 3210 847 3267 monile

161 3309 312 3377 bacatum,
327 3315 357 3365 et
371 3304 520 3381 duplicem
534 3307 657 3380 gemmis
672 3325 801 3381 auroque
816 3325 966 3367 coronam.

162 3406 250 3463 Haec
266 3404 399 3463 celerans
413 3404 453 3461 ita
467 3403 505 3460 ad
520 3421 608 3460 naves
622 3402 764 3462 tendebat
778 3404 913 3462 Achates.

202 3503 242 3558 At
256 3501 401 3576 Cytherea
414 3519 504 3558 novas
519 3510 602 3570 artes,
618 3519 695 3557 nova
708 3511 830 3575 pectore
843 3511 939 3558 versat

163 3579 294 3668 consilia,
309 3607 341 3654 ut
355 3598 460 3655 faciem
477 3607 605 3655 mutatus
621 3606 650 3654 et
665 3615 717 3654 ora
731 3597 850 3672 Cupido

162 3712 217 3770 pto
231 3694 312 3753 dulci
326 3681 455 3753 Ascanio
469 3694 575 3765 veniat,
591 3693 895 3772 donisquesurentem

568 3820 603 3854 ⁶⁴2
613 3821 731 3880 antiquae.
747 3821 810 3869 Edd.
