2834 4292
126 298 171 345 VI.
184 296 257 363 358]
351 286 382 349 T
377 286 418 349 lzc
439 286 556 348 Banks
577 287 618 368 os
636 286 743 367 Styx:
765 283 961 351 Palinums.
1123 287 1181 365 165

126 471 159 530 di
173 473 258 529 cuius
273 472 366 529 iurare
380 471 486 529 timent
499 478 529 528 et
543 469 640 528 fallere
654 484 775 528 numen.

127 570 217 626 Haec
232 568 337 641 omnis,
352 584 441 644 quam
455 567 558 639 cernis,
573 568 658 641 inops
673 566 882 641 inhumataque
895 566 981 625 turba
993 574 1058 638 est;
1140 572 1186 621 ³²5

125 666 252 741 portitor
266 664 312 722 ille
328 664 466 737 Charon;
487 663 527 735 hi,
541 680 615 737 quos
629 662 710 721 vehit
722 662 812 734 unda,
826 663 941 738 sepulti.

127 764 195 819 Nec
209 763 287 837 ripas
302 760 387 819 datur
400 759 560 819 horrendas
574 768 604 818 et
617 774 706 817 rauca
720 759 829 817 fluenta

125 868 323 934 transportare
337 850 416 933 prius
440 874 528 933 quam
542 855 662 914 sedibus
676 873 743 913 ossa
755 857 899 931 quierunt

127 958 259 1015 Centum
274 965 369 1014 errant
383 973 475 1013 annos
489 949 668 1027 volitantque
683 953 759 1010 haec
772 953 856 1011 litora
868 953 1000 1026 circum

125 1065 191 1113 tum
206 1053 328 1113 demum
341 1053 460 1111 admissi
474 1062 578 1127 stagna
592 1058 730 1126 exoptata
742 1052 891 1108 revisunt)
1141 1061 1188 1107 ³30

127 1152 269 1211 Constitit
281 1151 410 1208 Anchisa
424 1160 503 1207 satus
518 1158 548 1206 et
562 1148 683 1223 vestigia
696 1147 810 1223 pressit,

126 1249 221 1306 multa
234 1258 348 1323 putans,
363 1257 531 1322 sortemque
546 1246 646 1303 animo
661 1245 814 1303 miseratus
827 1244 967 1320 iniquam.

127 1346 231 1405 Cernit
245 1346 285 1403 ibi
298 1354 425 1402 maestos
440 1353 470 1401 et
483 1343 584 1401 mortis
599 1342 712 1400 honore
726 1352 859 1400 carentes

127 1443 305 1517 Leucaspim
320 1451 349 1500 et
364 1441 471 1517 Lyciae
486 1439 640 1498 ductorem
656 1440 754 1497 classis
769 1440 912 1511 Oronten,

126 1558 213 1613 quos,
229 1538 313 1596 simul
327 1539 365 1597 ab
379 1538 469 1596 Troia
482 1547 604 1595 ventosa
618 1554 671 1612 per
684 1553 812 1611 aequora
825 1545 936 1608 vectos,

126 1636 227 1695 obruit
240 1638 352 1706 Auster,
367 1654 444 1710 aqua
457 1635 608 1692 involvens
623 1650 788 1708 navemque
801 1633 946 1707 virosque.

170 1734 252 1791 Ecce
267 1733 442 1807 gubernator
455 1748 519 1789 sese
535 1732 685 1789 Palinurus
700 1730 814 1806 agebat,

127 1831 179 1905 qui
194 1830 306 1904 Libyco
320 1848 413 1903 nuper
428 1844 522 1899 cursu,
537 1826 610 1886 dum
625 1827 722 1885 sidera
735 1836 839 1897 servat,

102 1978 107 1988 .
128 1925 278 1985 exciderat
291 1926 384 2002 puppi
398 1924 504 1983 mediis
518 1925 625 1983 effusus
640 1925 671 1982 iu
685 1925 782 1983 undis.

128 2026 223 2082 Hunc
236 2023 287 2081 ubi
300 2023 348 2079 vix
362 2023 452 2079 multa
466 2031 609 2080 maestum
624 2022 763 2096 cognovit
776 2022 807 2079 in
819 2021 930 2092 umbra,

127 2122 171 2179 sic
184 2120 265 2195 prior
278 2118 461 2194 adloquitur:
485 2119 576 2193 ‘Quis
590 2128 629 2188 te,
646 2118 789 2187 Palinure,
804 2117 928 2177 deorum

85 2218 235 2295 ,Quit
248 2217 341 2288 nobis,
356 2216 514 2290 medioque
529 2216 583 2275 sub
598 2233 727 2290 aequore
741 2215 860 2273 mersit?

128 2316 186 2373 Dic
201 2332 266 2389 age.
310 2314 447 2387 Namque
461 2313 541 2384 mihi,
557 2313 642 2370 fallax
656 2312 736 2370 haud
751 2321 819 2371 ante
833 2322 973 2389 repertus,

128 2414 186 2470 hoc
201 2430 262 2469 uno
276 2428 418 2486 responso
432 2411 562 2469 animum
577 2410 684 2469 delusit
698 2411 815 2486 Apollo,

127 2510 178 2585 qui
192 2510 255 2567 lore
269 2518 298 2567 te
312 2518 405 2584 ponto
419 2508 608 2579 incolumem,
623 2508 756 2583 finesque
771 2508 897 2567 canebat

127 2617 283 2665 venturum
297 2582 450 2663 Ausonibs.
494 2604 541 2662 En
557 2605 630 2663 haec
645 2606 789 2681 promissa
803 2606 877 2663 fides
892 2604 976 2664 est?'

128 2705 182 2762 Ille
196 2713 313 2761 autem:
338 2703 464 2777 ‘Neque
478 2711 508 2760 te
524 2702 635 2761 Phoebi
650 2704 765 2761 cortina
778 2702 886 2775 fefellit,

116 2801 189 2863 ¹dun
203 2800 391 2872 Anchisiade,
406 2817 462 2857 nec
477 2816 525 2857 me
540 2799 613 2858 deus
629 2816 758 2875 aequore
772 2800 880 2857 mersit.

129 2899 268 2972 Namque
283 2896 491 2971 gubemaclum
505 2897 596 2955 multa
609 2897 638 2955 vi
652 2896 726 2955 sorte
740 2897 894 2969 revolsum,

82 3052 87 3067 ,
129 2995 177 3052 cui
191 2992 278 3052 datus
292 2994 448 3052 haerebam
464 3004 562 3052 custos
578 3012 739 3069 cursusque
752 2993 901 3069 regebam,

75 3117 83 3155 ε
129 3092 324 3167 praecipitans
338 3092 410 3150 traxi
424 3109 551 3150 mecum.
595 3092 689 3149 Maria
702 3109 805 3167 aspera
816 3077 889 3150 furo

128 3206 190 3246 non
204 3188 295 3246 ullum
308 3206 362 3263 pro
376 3206 424 3246 me
438 3198 552 3247 tantum
566 3189 679 3264 cepisse
694 3189 840 3261 timorem,

130 3302 219 3359 quam
233 3294 285 3343 tua
297 3302 344 3356 ne,
359 3285 482 3360 spoliata
496 3286 591 3356 armis,
607 3302 730 3343 excussa
742 3284 889 3361 magistro,

131 3380 271 3439 deficeret
285 3382 371 3439 tantis
385 3382 466 3440 navis
480 3382 664 3456 surgentibus
678 3380 775 3439 undis.

130 3478 194 3535 Tris
210 3478 305 3537 Notus
320 3478 455 3541 hibernas
469 3478 612 3537 immensa
625 3496 679 3553 per
692 3495 821 3553 aequora
833 3486 938 3538 noctes

130 3575 208 3633 vexit
222 3593 271 3632 me
284 3574 429 3633 violentus
444 3592 538 3649 aqua3
560 3574 608 3632 vix
621 3574 730 3632 lumine
745 3583 849 3649 quarto

131 3672 268 3747 prospexi
282 3672 398 3729 Italiam
412 3688 526 3729 summa
539 3670 670 3729 sublimis
683 3672 721 3729 ab
734 3670 824 3729 unda.

133 3766 274 3825 Paulatim
288 3766 436 3825 adnabam
450 3775 541 3825 terrae
553 3786 562 3839 3
584 3766 642 3825 iam
656 3776 719 3825 tuta
731 3768 878 3838 tenebam,
