2834 4292
173 312 218 361 vr.
232 311 304 377 ⁶32·]
461 302 526 367 Tre
548 302 695 367 Horrore
717 308 760 387 os
781 303 948 369 Tartarus.

171 486 292 558 viscera,
306 485 484 562 rimaturque
498 487 599 563 epulis,
614 486 783 565 habitatque
797 490 853 547 sub
868 490 926 547 alto

171 594 302 657 pectore,
317 602 374 643 nec
389 585 469 645 fibris
481 586 598 659 requies
612 584 696 645 datur
710 587 768 645 ulla
781 587 896 645 renatis.

174 678 273 757 [Quid
288 698 450 739 memorem
466 680 612 757 Lapithas,
629 682 733 741 Ixiona
746 683 964 758 Pirithoumque
972 681 1002 762 ?]

169 795 247 851 quos
260 794 348 852 super
361 788 423 835 atra
436 778 507 845 silex
520 778 579 835 iam
592 779 650 837 iam
664 779 779 853 lapsura
793 779 969 856 cadentique

169 874 304 931 imminet
318 873 476 949 adsimili53
497 874 597 936 lucent
609 876 770 951 genialibus
784 877 847 935 altis

169 988 259 1028 aurea
272 971 362 1028 fulcra
376 972 454 1043 toris,
469 972 632 1047 epulaeque
647 981 716 1031 ante
730 991 782 1032 ora
795 984 912 1049 paratae

168 1067 290 1140 regifico
305 1068 394 1140 luxu,
416 1068 567 1130 Furiarum
581 1069 708 1127 maxima
723 1070 803 1130 iuxta

169 1164 304 1235 accubat,
320 1172 349 1221 et
362 1165 496 1223 manibus
510 1165 646 1240 prohibet
660 1167 830 1242 contingere
844 1186 970 1240 mensas,

169 1260 356 1336 exsurgitque
371 1261 465 1319 lacem
481 1262 625 1334 attollens,
639 1271 728 1338 atque
742 1265 855 1324 intonat
868 1284 929 1324 ore.

211 1358 302 1429 ίΗίε,
317 1358 422 1433 quibus
436 1358 520 1417 invisi
534 1359 643 1430 fratres,
658 1360 731 1418 dum
744 1361 803 1419 vita
816 1363 962 1435 manebat,

168 1455 334 1530 pulsatusve
349 1472 464 1530 parens,
479 1466 509 1514 et
522 1456 600 1516 fraus
613 1457 720 1515 innexa
732 1459 841 1531 clienti,

168 1562 219 1611 ant
233 1552 284 1628 qui
297 1551 404 1610 divitiis
418 1552 471 1615 soli
485 1554 644 1614 incubuere
658 1557 790 1630 repertis,

167 1667 226 1707 uec
239 1659 353 1725 partem
366 1668 493 1725 posuere
507 1652 566 1709 suis
584 1651 676 1728 (quae
690 1654 819 1713 maxima
832 1655 916 1713 turba
928 1654 1002 1731 est),

168 1748 278 1823 quique
292 1747 334 1805 ob
347 1747 521 1807 adulterium
537 1750 624 1821 caesi,
639 1750 749 1824 quique
762 1768 843 1809 arma
856 1752 951 1811 secuti

167 1846 260 1921 impia
273 1864 329 1903 nec
343 1845 426 1916 veriti
439 1845 627 1905 dominorum
641 1846 738 1905 fallere
753 1846 879 1920 dextras,

168 1943 274 2001 inclusi
287 1960 417 2019 poenam
432 1953 613 2018 exspectant.
657 1946 704 2003 Ne
718 1962 827 2019 quaere
841 1944 942 2005 doceri

80 2108 84 2115 ⁵
168 2059 258 2116 quam
272 2058 410 2116 poenam,
425 2048 475 2098 aut
488 2058 564 2115 quae
579 2042 672 2099 forma
684 2042 761 2099 viros
775 2042 925 2102 fortunave
940 2045 1049 2105 mersit.

168 2138 276 2197 Saxum
290 2137 393 2212 ingens
407 2137 526 2197 volvunt
539 2137 596 2209 alii,
610 2136 757 2213 radiisque
770 2148 899 2198 rotarum

168 2233 290 2292 districti
304 2233 437 2309 pendent
449 2253 455 2303 ;
479 2233 572 2305 sedet,
588 2243 799 2310 aeternumque
813 2236 937 2307 sedebit,

168 2331 269 2389 infelix
280 2331 434 2404 Theseus,
455 2331 656 2407 Phlegyasque
670 2332 847 2391 miserrimus
859 2335 956 2393 omnis

168 2414 319 2501 admonet,
334 2438 365 2487 et
378 2447 486 2504 magna
499 2437 620 2489 testatur
633 2447 707 2487 voce
722 2448 775 2504 per
788 2431 923 2489 umbras:

167 2526 282 2584 Ducite
295 2526 438 2584 iastirt'am
454 2527 565 2598 moniti,
580 2534 680 2585 ernon
695 2535 819 2585 temnere
832 2529 922 2586 druos.

168 2621 310 2681 Vendidit
324 2622 372 2680 hic
386 2641 458 2681 auro
471 2622 603 2699 patriam,
619 2622 831 2699 dominumque
846 2635 1000 2699 potentem

169 2719 326 2794 imposuit3
348 2719 410 2779 fixit
423 2720 503 2795 leges
516 2720 611 2795 pretio
625 2730 714 2795 atque
724 2720 837 2790 refixit3

169 2817 218 2874 hic
231 2817 391 2875 thalamum
406 2818 510 2877 invasit
523 2826 608 2877 name
622 2818 786 2891 vetitosque
800 2818 999 2893 hymenaeos;

170 2914 232 2971 ausi
246 2932 349 2971 omnes
362 2914 490 2971 immane
505 2914 596 2987 nefas,
612 2932 744 2989 ausoque
758 2916 853 2991 potiti.

170 3012 249 3082 Non,
264 3011 336 3069 mihi
350 3011 374 3069 si
387 3012 503 3087 liuguae
518 3023 636 3071 centum
647 3013 704 3071 sint
719 3030 829 3088 oraque
843 3022 973 3085 centum,

170 3108 260 3166 ferrea
273 3126 340 3180 vox,
355 3110 451 3167 omnis
465 3110 609 3167 scelerum
623 3110 837 3185 comprendere
851 3112 968 3183 formas,

170 3206 269 3263 omnia
282 3222 444 3280 poenarum
459 3224 627 3288 percurrere
641 3209 763 3265 nomina
775 3209 906 3285 possim!

212 3302 297 3360 Haec
311 3302 362 3360 ubi
376 3302 455 3360 dicta
470 3302 553 3361 dedit
568 3304 679 3363 Phoebi
694 3305 836 3381 longaeva
850 3305 1008 3364 sacerdos:

170 3398 248 3457 ‘Sed
261 3399 319 3456 iam
334 3416 398 3473 age,
413 3418 500 3475 carpe
515 3401 591 3457 viam
606 3410 636 3458 et
649 3413 818 3477 susceptum
832 3403 942 3477 perfice
956 3420 1083 3477 munus;

169 3495 388 3553 adceleremus’
402 3498 461 3569 ait,
484 3498 664 3573 ‘Cyclopum
679 3498 786 3557 educta
800 3500 922 3557 caminis

169 3594 289 3651 moenia
301 3594 453 3667 conspicio
468 3605 556 3669 atque
571 3594 693 3653 adverso
707 3596 818 3653 fornice
832 3606 941 3670 portas,

170 3690 244 3748 haec
258 3690 308 3749 ubi
322 3708 377 3751 nos
391 3700 548 3767 praecepta
561 3690 663 3751 iubent
677 3690 826 3767 deponere
841 3692 941 3753 dona.²

625 3816 720 3880 ουτω,
736 3820 764 3869 R.
