2834 4292
188 303 231 372 74
513 306 548 355 11.
575 286 641 353 The
662 287 744 353 Fall
762 290 804 373 qs
826 288 915 372 Troy.

188 472 325 533 custodes
340 472 456 533 sufferre
470 473 586 547 valent,
607 474 685 533 labat
700 472 790 532 ariete
805 472 910 533 crebro

187 573 282 643 ianua,
297 582 326 629 et
340 570 430 629 emoti
445 572 641 646 procumbunt
654 569 776 629 cardine
790 580 901 647 postes.

188 669 234 727 Fit
248 669 294 726 via
307 668 353 739 vi;
375 678 514 743 rumpunt
527 667 631 739 aditus,
647 667 816 743 primosque
832 666 980 727 trucidant

188 764 308 823 immissi
323 765 427 837 Danai,
443 774 472 823 et
485 764 542 823 late
556 765 623 823 loca
636 764 727 823 milite
743 766 904 841 complent.

188 862 259 921 Non
273 861 324 933 sic,
339 862 491 937 aggeribus
505 862 596 937 ruptis
610 880 678 920 cum
694 880 833 937 spumeus
848 860 943 919 amnis

188 958 266 1030 exiit,
281 958 489 1033 oppositasque
504 957 591 1016 evicit
604 959 717 1034 gurgite
731 956 835 1030 moles,

187 1055 276 1113 fertur
289 1054 401 1117 inarva
414 1055 510 1113 furens
525 1054 654 1126 cumulo,
669 1072 850 1131 camposque
864 1072 919 1130 per
931 1054 1028 1113 omnis

188 1170 256 1211 cum
271 1151 390 1209 stabulis
404 1160 535 1209 armenta
548 1150 643 1211 trahit.
684 1150 755 1211 Vidi
769 1152 834 1227 ipse
848 1151 993 1209 furentem

189 1246 281 1305 caede
297 1248 526 1323 Neoptolemum
540 1247 733 1324 geminosque
747 1248 779 1307 in
792 1248 892 1307 limine
906 1246 1042 1319 Atridas;

188 1342 248 1402 vidi
263 1344 421 1403 Hecubam
435 1353 614 1420 centumque
628 1363 726 1416 nurus,
742 1345 948 1419 Priamumque
962 1362 1016 1420 per
1029 1360 1092 1401 aras

189 1441 328 1517 sanguine
342 1440 522 1513 foedantem,
537 1460 612 1516 quos
626 1441 689 1518 ipse
703 1451 875 1513 sacraverat,
890 1441 975 1517 iguis.

190 1537 408 1614 Quinquaginta
421 1538 461 1597 illi
474 1538 603 1610 thalami,
618 1557 685 1615 spes
699 1548 781 1598 tanta
795 1548 948 1615 nepotum,

189 1634 339 1693 barbarico
353 1646 453 1711 postes
467 1654 539 1695 auro
553 1636 712 1712 spoliisque
726 1636 854 1712 superbi,

174 1732 370 1813 ‘procubuere
382 1752 391 1805 ;
412 1742 515 1791 tenent
529 1733 634 1804 Danai,
649 1752 708 1809 qua
722 1733 823 1791 deficit
837 1733 921 1809 ignis.

232 1829 364 1886 Forsitan
378 1837 408 1887 et
422 1829 527 1887 Priami
541 1830 647 1888 fuerint
661 1848 738 1905 quae
753 1831 812 1888 fata
825 1830 963 1905 requiras.

190 1926 279 1984 Urbis
294 1924 336 1983 uti
349 1935 454 2001 captae
469 1944 569 1983 casum
584 1926 781 2001 convolsaque
794 1926 867 1985 vidit

190 2022 290 2079 limina
303 2032 448 2081 tectorum
464 2032 494 2081 et
508 2022 639 2081 medium
653 2023 684 2081 in
698 2024 895 2099 penetralibus
910 2022 1035 2095 hostem,

191 2136 271 2176 arma
284 2118 335 2177 diu
349 2119 447 2177 senior
461 2118 583 2177 desueta
596 2120 787 2179 trementibus
802 2139 876 2179 aevo

192 2216 354 2274 circumdat
367 2216 546 2291 nequiquam
565 2216 681 2286 umeriS,
707 2224 737 2273 et
756 2218 856 2275 inutile
870 2218 977 2275 ferrum
1000 2207 1002 2209 ’

192 2313 324 2388 cingitur,
339 2332 374 2371 ac
389 2312 497 2372 densos
511 2314 599 2373 fertur
613 2314 768 2374 moriturus
783 2314 813 2373 in
828 2314 928 2373 hostis.

191 2410 322 2468 Aedibus
336 2411 366 2468 in
381 2410 486 2469 mediis
500 2410 641 2487 nudoque
655 2412 711 2471 sub
726 2412 852 2470 aetheris
866 2429 920 2469 axe

192 2508 294 2582 ingens
308 2526 357 2566 ara
370 2508 423 2566 fuit
436 2508 574 2584 iuxtaque
587 2510 741 2567 veterrima
754 2509 859 2580 lauruS,

191 2604 365 2663 incumbens
379 2624 446 2663 arae
461 2615 548 2681 atque
563 2607 667 2664 umbra
681 2607 838 2682 complexa
854 2607 981 2667 Penatis.

193 2702 254 2759 Hic
269 2702 396 2761 Hecuba
410 2712 440 2761 et
453 2712 543 2771 natae
554 2704 734 2779 nequiquam
747 2704 848 2762 altaria
862 2705 982 2775 circum,

192 2799 365 2876 praecipites
379 2809 440 2858 atra
453 2818 509 2858 ceu
523 2808 697 2875 tempestate
712 2800 887 2871 columbae,

193 2896 361 2955 condensae
376 2906 406 2955 et
419 2897 519 2955 divom
533 2897 685 2972 amplexae
700 2898 855 2955 simulacra
870 2897 1023 2959 sedebant.

195 2996 296 3077 Ipsum
310 3004 409 3055 autern
424 2994 545 3069 sumptis
562 2994 708 3051 Pnamum
723 2994 902 3054 iuvenalibus
918 2996 1004 3053 armis

193 3100 226 3149 ut
239 3089 319 3162 vidit,
332 3091 433 3165 ‘Quae
449 3109 531 3149 mens
546 3100 606 3149 tam
621 3089 692 3162 dira,
709 3092 868 3151 miserrime
885 3092 1024 3163 coniunx,

150 3192 180 3273 2¹³¹*
193 3189 307 3265 impulit
322 3188 365 3248 his
380 3189 457 3265 cingi
471 3189 557 3249 telis?
598 3192 656 3251 Aut
671 3208 731 3267 quo
744 3190 824 3249 ruis?
836 3192 842 3216 ¹
856 3189 969 3267 inquit3

194 3288 283 3346 ‘Non
296 3286 345 3344 tali
360 3288 466 3345 auxilio
481 3305 537 3345 nec
553 3286 755 3347 defensoribus
769 3288 830 3346 istis

193 3396 310 3461 tempus
324 3395 410 3460 eget3
430 3403 501 3456 non,
516 3385 540 3444 si
554 3386 616 3461 ipse
632 3403 715 3445 meus
728 3403 809 3442 nunc
819 3384 933 3442 adforet
949 3385 1074 3445 Hector.

195 3484 266 3545 Huc
280 3482 401 3545 taudem
415 3482 549 3543 concede
561 3502 569 3553 ;
591 3482 665 3541 haec
678 3499 728 3541 ara
741 3481 869 3540 tuebitur
882 3481 986 3554 omnis,

194 3591 245 3643 aut
258 3581 381 3641 moriere
395 3580 499 3643 simul!
540 3580 587 3640 Sic
602 3596 652 3639 ore
667 3578 754 3639 effata
767 3578 879 3652 recepit

196 3678 235 3741 ad
249 3695 312 3737 sese
327 3686 357 3736 et
370 3694 453 3736 sacra
465 3677 639 3751 longaevum
654 3676 684 3735 in
698 3674 770 3733 sede
784 3674 898 3733 locavit

237 3776 318 3837 Ecce
332 3782 431 3836 autem
445 3774 558 3853 elapsus
574 3772 673 3853 Pyrrhi
688 3771 727 3833 de
741 3770 834 3835 caede
850 3771 968 3849 Polites,
