2834 4292
207 337 267 400 104
440 335 489 384 111.
513 319 544 383 T
538 320 579 383 lta
604 319 808 405 Wundering
826 324 868 406 os
875 324 1015 390 AEneas.

202 504 261 563 iam
275 502 415 577 medium,
428 504 558 563 necdum
572 503 677 563 fluctus
691 504 781 563 latera
795 504 886 564 ardua
899 507 993 569 tinxit.

203 603 267 661 Nos
280 602 383 677 procul
397 601 467 660 inde
481 601 579 677 fugam
592 600 698 677 trepidi
713 604 849 675 celerare,
863 616 984 682 recepto

202 699 335 775 supplice
349 699 392 757 sic
407 698 520 770 merito,
536 699 677 774 tacitique
691 699 822 758 incidere
837 700 958 777 funem3

201 796 341 854 verrimus
354 806 385 855 et
398 796 483 873 proni
496 796 673 855 certantibus
687 814 816 871 aequora
830 797 926 857 remis.

202 894 306 967 Sensit,
320 902 350 953 et
364 893 403 952 ad
417 892 544 951 sonitum
557 893 638 951 vocis
651 894 773 969 vestigia
785 895 887 968 torsit,

201 1009 303 1049 verum
317 990 367 1049 ubl
381 990 459 1048 nulla
472 989 557 1047 datur
570 988 673 1048 dextra
687 990 834 1067 adfectare
848 1003 987 1068 potestas,

202 1100 259 1140 nec
273 1082 351 1159 pqtis
366 1081 468 1139 Ionios
482 1080 585 1139 fluctus
601 1098 728 1155 aequare
743 1083 905 1157 sequendo,

203 1180 361 1238 clamorem
376 1178 552 1236 immensum
566 1177 648 1249 tollit,
664 1195 725 1253 quo
739 1189 848 1254 pontus
862 1191 891 1240 et
905 1200 1008 1242 omnes

202 1286 407 1335 contremuere
421 1273 528 1347 undae,
543 1276 719 1351 penitusque
734 1278 869 1337 exterrita
882 1280 966 1338 tellus

204 1375 314 1447 Italiae,
329 1374 482 1448 curvisque
496 1372 640 1447 immugiit
656 1375 753 1431 Aetna
765 1377 905 1435 cavernis.

243 1475 282 1530 At
295 1489 387 1549 genus
401 1488 418 1529 e
433 1470 508 1528 silvis
523 1470 687 1545 Cyclopum
701 1481 732 1529 et
745 1473 892 1532 montibus
905 1475 969 1534 altis

203 1570 332 1627 excitum
342 1569 398 1627 ruit
412 1567 451 1626 ad
465 1576 565 1642 portus
580 1576 610 1625 et
624 1567 708 1627 litora
722 1571 883 1645 complent.

204 1666 358 1725 Cernimus
372 1664 513 1723 adstantis
528 1664 708 1739 nequiquam
722 1667 831 1725 lumine
846 1676 929 1727 torvo

203 1766 353 1823 Aetnaeos
367 1764 477 1833 fratres,
492 1762 575 1820 caelo
590 1763 687 1837 capita
700 1764 758 1821 alta
771 1765 898 1838 ferentis,

204 1860 362 1919 concilium
376 1857 574 1917 horrendum:
598 1860 698 1934 quales
712 1880 781 1918 cum
794 1862 902 1921 vertice
916 1864 997 1923 celso

203 1958 298 2017 adriae
313 1974 447 2031 quercus,
462 1965 512 2013 aut
526 1956 671 2015 coniferae
686 1958 825 2034 cyparissi

205 2054 406 2125 constiterunt,
420 2052 492 2111 silva
504 2052 562 2111 alta
577 2054 664 2126 Iovis,
680 2055 798 2113 lucusve
814 2057 938 2117 Dianae.

206 2152 382 2228 Praecipites
397 2162 491 2210 metus
506 2169 574 2209 acer
587 2152 647 2227 agit
660 2171 848 2229 quocumque
862 2155 992 2216 rudentis

205 2261 352 2323 excutere,
367 2259 397 2308 et
410 2249 503 2307 ventis
518 2248 670 2307 intendere
684 2250 750 2308 vela
763 2251 909 2312 secundis.

206 2350 316 2409 Contra
329 2348 406 2405 iussa
419 2355 543 2405 monent
558 2346 668 2404 Heleni
682 2347 807 2423 Scyllam
821 2359 908 2425 atque
924 2351 1093 2429 Charybdin

205 2448 289 2518 inter,
303 2455 455 2519 utramque
470 2444 546 2503 viam
561 2444 611 2501 leti
625 2443 792 2503 discrimine
806 2464 905 2522 parvo,

152 2588 155 2597 .
205 2546 237 2605 ni
249 2553 370 2603 teneant
384 2562 505 2615 cursus;
526 2551 638 2600 certum
653 2552 698 2600 est
712 2542 781 2601 dare
796 2545 885 2603 lintea
898 2557 985 2607 retro.

206 2644 288 2703 Ecce
302 2652 400 2700 autem
416 2642 524 2699 Boreas
538 2650 660 2715 angusta
675 2641 713 2698 ab
727 2640 798 2699 sede
814 2643 908 2702 Pelori

205 2742 309 2801 missus
323 2740 417 2799 adest.
457 2738 532 2796 Vivo
548 2738 752 2813 praetervehor
765 2740 840 2797 ostia
853 2758 924 2799 saxo

207 2840 362 2916 Pantagiae
377 2840 573 2914 Megarosque
588 2837 667 2895 sinus
681 2837 890 2913 Thapsumque
905 2839 1059 2899 iacentem
1077 2870 1082 2875 ·

205 2937 288 2995 Talia
301 2936 482 2995 monstrabat
494 2935 625 3009 relegens
641 2944 735 2991 errata
748 2944 886 2993 retrorsus

205 3034 289 3093 litora
302 3032 547 3104 Achaemenides,
562 3051 663 3091 comes
678 3032 800 3090 infelicis
814 3032 902 3092 Ulixi.

246 3132 362 3199 Sicanio
376 3138 529 3207 praetenta
542 3130 606 3189 sinu
621 3129 698 3189 iacet
713 3130 807 3188 insula
820 3140 925 3189 contra

207 3228 382 3306 Plemyrium
396 3227 564 3302 undosum3
585 3246 695 3287 nomen
709 3229 809 3289 dixere
824 3230 934 3305 priores

207 3326 368 3402 Ortygiam.
410 3326 556 3403 Alpheum
570 3326 648 3384 fama
661 3336 705 3384 est
720 3326 778 3385 huc
794 3327 887 3386 Elidis
901 3344 1019 3387 amnem
1032 3307 1040 3322 ’

207 3424 336 3484 occultas
351 3423 443 3500 egisse
457 3424 518 3482 vias
532 3424 630 3482 subter
643 3442 723 3481 mare
735 3445 744 3495 ;
765 3426 816 3499 qui
831 3444 910 3484 nunc

207 3540 267 3593 ore,
282 3520 433 3593 Arethusa,
448 3529 499 3580 tuo
514 3521 616 3580 Siculis
631 3520 819 3579 confunditur
833 3520 930 3580 undis.

208 3619 284 3679 Iussi
298 3618 419 3677 numina
433 3635 539 3693 magna
551 3616 611 3675 loci
623 3636 814 3691 veneramur,
837 3628 867 3677 et
880 3618 951 3678 inde

458 3711 466 3744 f

265 3776 298 3812 ⁶⁷⁸
309 3779 457 3822 intremuere.
474 3776 506 3821 H.
670 3776 702 3809 ⁸⁸⁶
713 3776 797 3819 Before
807 3775 849 3821 ⁸⁸⁵.
865 3777 893 3821 R.
958 3775 991 3812 Μ
1002 3779 1157 3825 plenarium.
1173 3780 1202 3828 R.

266 3849 298 3885 ὅ*
308 3850 401 3906 Scylla:
420 3848 553 3905 Charybdis.
569 3848 597 3893 A
670 3847 704 3882 ⁶⁹⁰
715 3852 851 3893 retrorsum.
868 3849 900 3894 H.
957 3848 991 3883 Ν
1000 3856 1085 3908 supter.
1101 3852 1129 3899 R.
