2834 4292
152 311 302 386 Eccle]
583 299 765 363 Meliboeus.

535 517 733 577 ECmGUE
759 515 831 574 VII.

194 665 265 716 Tms
276 666 298 716 is
309 681 325 715 a
337 664 431 729 strictly
442 661 541 715 bucolic
553 681 637 730 poem,
647 664 761 714 imitated
772 664 838 712 from
849 662 893 712 the
904 660 970 710 sixth
981 659 1038 724 Idyl
1049 659 1079 710 oi
1087 658 1207 710 Theocri-

151 757 200 799 tns.
233 749 288 798 The
309 747 445 798 herdsman
466 749 601 798 Meliboeus
621 747 712 795 relates
733 761 749 794 a
768 750 866 793 contest
888 743 915 791 in
934 758 1006 792 verse
1029 742 1144 792 between
1163 740 1207 790 the

151 829 294 895 shepherds
305 830 423 893 Corydon
435 831 486 879 and
499 829 601 893 Thmsis
613 829 672 878 with
688 827 806 892 Daphnis
823 827 863 875 ior
879 825 985 890 umpire.
1019 824 1075 874 The
1092 838 1168 873 scene
1185 822 1207 872 is

152 913 300 978 apparently
312 911 364 961 laid
375 911 402 961 in
415 912 458 961 the
470 911 581 978 pastoral
592 911 682 973 region
694 909 724 958 of
738 909 821 958 North
833 907 907 971 Italy.
940 907 996 956 The
1011 905 1070 956 date
1087 906 1207 970 assigned

151 1003 178 1044 to
190 995 241 1044 itis
253 1006 301 1043 tm.
314 993 354 1056 38.

415 1143 581 1187 MELlBOEUS.
624 1142 775 1186 CORYDON.
818 1140 949 1183 mksts.

258 1259 341 1316 RTE
356 1257 410 1316 sub
424 1267 526 1332 arguta
539 1256 714 1316 consederat
727 1257 794 1315 ilice
808 1255 953 1331 Daphnis,

248 1355 509 1431 compulerantque
523 1373 626 1430 greges
641 1353 782 1429 Corydon
796 1362 826 1412 et
839 1353 958 1429 Thyrsis
971 1351 1002 1410 in
1015 1369 1117 1422 unum,

148 1451 270 1527 Thyrsis
283 1452 355 1523 ovis,
371 1452 511 1527 Corydon
527 1451 668 1510 distentas
682 1451 758 1509 lacte
772 1450 909 1526 capellas,

149 1548 240 1606 ambo
254 1547 390 1606 florentes
405 1549 557 1620 aetatibus,
573 1547 703 1606 Arcades
717 1548 817 1620 ambo,

148 1653 181 1703 et
195 1653 314 1703 cantare
328 1663 421 1719 pares,
437 1655 467 1703 et
481 1644 661 1720 respondere
675 1645 778 1720 parati.

192 1741 264 1800 Huc
279 1741 359 1813 mihi,
374 1741 447 1800 dum
461 1752 575 1801 teneras
590 1741 721 1800 defendo
735 1760 754 1800 a
766 1741 871 1817 fn'gore
886 1749 1004 1817 myrtos,

147 1839 194 1898 vir
206 1839 301 1914 gregis
315 1839 377 1914 ipse
392 1857 481 1915 caper
494 1839 697 1911 deerraverat3
718 1849 807 1914 atque
821 1856 877 1913 ego
891 1836 1044 1913 Daphnim

147 1935 272 2011 aspicio.
315 1935 367 1993 Ille
381 1935 432 1994 ubi
446 1953 495 1993 me
509 1945 612 1994 contra
627 1935 726 1994 videt:
749 1936 878 1996 ‘Ocius’
892 1934 987 2010 inquit

148 2033 227 2092 ‘huc
243 2031 322 2104 ades,
339 2033 368 2092 O
383 2033 541 2104 Meliboee,
555 2051 645 2108 caper
658 2033 711 2091 tibi
725 2033 819 2091 salvus
833 2042 863 2090 et
876 2031 985 2104 haedi3

148 2139 190 2202 et,
205 2128 314 2204 siquid
328 2147 443 2188 cessare
458 2140 553 2206 potes,
568 2131 721 2206 requiesce
738 2129 793 2188 sub
807 2130 918 2188 umbra

149 2229 224 2285 Huc
237 2227 293 2301 ipsi
307 2236 412 2302 potum
425 2228 543 2285 venient
556 2244 610 2302 per
623 2236 705 2303 prata
720 2227 844 2298 iuvenci,

148 2325 199 2382 hic
213 2323 311 2381 viridis
325 2332 426 2382 tenera
439 2323 581 2398 praetexit
595 2323 738 2382 arundine
751 2324 828 2400 ripas

148 2421 290 2492 Mincius,
305 2438 381 2496 eque
396 2439 478 2479 sacra
491 2430 630 2480 resonant
645 2423 781 2480 examina
794 2423 924 2496 quercu)

191 2517 273 2592 Quid
287 2518 436 2576 facerem?
466 2519 573 2593 Neque
588 2537 645 2594 ego
660 2519 816 2595 Alcippen,
831 2537 888 2576 nec
903 2516 1037 2594 Phyllida
1049 2516 1206 2586 habebam,

148 2615 290 2690 depulsos
305 2633 322 2672 a
335 2615 411 2673 lacte
425 2613 508 2673 domi
522 2633 598 2690 quae
614 2615 764 2675 clauderet
778 2634 879 2692 agnos,
1180 2645 1207 2691 ¹5

149 2722 180 2771 et
194 2721 345 2770 certamen
358 2721 429 2784 erat,
444 2710 585 2788 Corydon
601 2731 670 2772 cum
685 2713 840 2789 Thmside,
855 2730 1003 2788 magnum.

149 2808 310 2869 Posthabui
324 2818 424 2867 tamen
438 2809 552 2868 iliorum
568 2829 635 2868 mea
648 2811 723 2868 seria
735 2810 825 2869 ludo:

148 2907 267 2965 alternis
281 2906 366 2982 igitur
380 2905 560 2964 contendere
577 2907 706 2966 versibus
720 2907 810 2965 ambo

148 3021 296 3079 coepere;
318 3003 444 3062 alternos
460 3005 565 3062 Musae
581 3003 749 3063 meminisse
763 3004 910 3063 volebant

148 3101 217 3159 Hos
232 3099 382 3176 Corydon,
397 3101 460 3159 illos
476 3101 620 3160 referebat
633 3102 664 3159 in
678 3101 782 3160 ordine
795 3100 923 3176 Thyrsis.
1178 3133 1208 3165 ω

153 3199 190 3260 C.
220 3198 387 3274 Nymphae,
403 3209 503 3257 noster
516 3217 608 3270 amor,
625 3197 818 3269 Libethrides,
833 3208 884 3257 aut
897 3197 969 3256 mihi
982 3215 1111 3269 manen,

148 3296 234 3370 quale
253 3313 321 3353 meo
336 3295 446 3367 Codro,
463 3294 638 3354 concedite:
661 3295 795 3371 proxima
809 3295 923 3353 Phoebi

148 3393 279 3450 versibus
294 3391 340 3449 ille
356 3393 443 3466 iacit3
465 3403 524 3464 aut,
539 3393 563 3451 si
577 3410 639 3450 non
652 3409 809 3468 possumus
823 3409 937 3463 omnes,

149 3488 198 3547 hic
211 3499 313 3563 arguta
327 3508 409 3548 sacra
423 3489 567 3565 pendebit
579 3489 674 3548 fistula
686 3489 769 3565 pinu.

152 3586 185 3645 T.
216 3588 360 3658 Pastores,
376 3586 487 3645 hedera
500 3596 682 3646 crescentem
697 3594 800 3645 ornate
813 3585 943 3662 poetam,

221 3787 367 3846 'Daphnin
383 3789 415 3833 H.
490 3787 663 3833 ¹²harundine.
679 3788 708 3833 R.
792 3786 899 3831 ¹‘edera
908 3787 947 3846 (as
957 3788 1065 3844 always).
1086 3789 1115 3834 R,
