2834 4292
190 298 229 344 10
561 283 723 346 Pastoral
740 283 868 346 Poems.
1127 289 1239 354 [Βυοοικ

184 465 244 523 iam
259 482 351 523 comu
366 474 447 540 petat
461 464 630 540 etpedibus
645 466 696 540 qui
710 474 828 540 spargat
841 483 970 523 arenam.

184 562 229 620 D.
258 561 318 635 Qui
332 570 371 632 te,
386 561 488 634 Polli0‚
502 571 589 633 amat,
604 562 701 619 veniat
715 579 775 636 quo
788 571 819 619 te
832 580 950 637 quoque
965 560 1092 637 gaudet:

186 659 272 717 mella
283 658 374 716 fluant
388 657 436 729 illi,
452 658 524 715 serat
538 667 567 716 et
581 658 669 716 rubus
683 676 769 733 asper
782 676 943 716 amomum.

184 756 232 814 M.
262 755 322 830 Qui
337 754 458 812 Bavium
473 771 534 812 non
548 754 620 826 odit,
637 763 717 812 amet
731 764 781 813 tua
794 756 931 826 carmina,
947 755 1055 827 Maevi,
1210 790 1240 832 90

185 862 273 927 atque
288 851 366 910 idem
382 852 483 926 iungat
497 851 600 926 vulpes
614 861 643 908 et
658 851 785 926 mulgeat
798 852 904 910 hircos.

185 950 228 1008 D.
258 949 317 1023 Qui
331 949 423 1023 legitis
439 948 524 1006 flores
540 958 570 1005 et
584 947 666 1005 humi
680 948 830 1006 nascentia
843 949 930 1024 fraga,

186 1045 314 1120 frigidus,
329 1046 357 1104 Ο
372 1045 464 1120 pueri,
480 1045 569 1119 fugite
585 1044 663 1116 hinc,
678 1045 748 1102 latet
761 1046 864 1120 anguis
877 1046 907 1103 in
921 1046 1020 1104 herba.

185 1143 232 1201 M.
262 1142 383 1213 Parcite,
399 1159 478 1212 oves,
494 1143 617 1199 nimium
632 1141 813 1216 procedere;
835 1161 896 1200 non
909 1143 986 1201 bene
999 1142 1079 1217 n'pae

187 1238 331 1312 creditur;
353 1239 416 1313 ipse
431 1238 504 1296 aries
519 1239 607 1296 etiam
621 1257 701 1297 nunc
715 1239 820 1296 vellera
833 1239 934 1297 siccat.

185 1338 228 1395 D.
256 1337 363 1411 Tityre,
379 1345 534 1410 pascentes
548 1354 567 1392 a
580 1335 699 1394 flumine
713 1336 790 1393 reice
805 1336 949 1411 capellas:

186 1434 248 1509 ipse
263 1432 312 1491 ubi
327 1442 443 1508 tempus
458 1433 519 1504 erit,
535 1433 630 1491 omnis
645 1432 675 1490 in
689 1434 770 1490 sonte
784 1433 896 1491 lavabo.

185 1531 233 1589 M.
262 1531 366 1606 Cogite
381 1529 452 1601 ovis,
469 1530 552 1606 pueri
565 1551 572 1599 ;
594 1530 618 1588 si
632 1530 677 1587 lac
691 1531 873 1605 praeceperit
886 1539 992 1603 aestus,

186 1637 218 1686 ut
232 1646 334 1702 nuper,
350 1628 452 1684 frustra
465 1627 661 1702 pressabimus
675 1628 767 1685 ubera
779 1627 892 1702 palmis.
1206 1697 1210 1702 ι

185 1727 228 1785 D.
259 1727 339 1797 Heu,
355 1725 422 1796 heu,
438 1743 527 1800 quam
541 1725 642 1800 pingui
656 1742 756 1782 macer
769 1735 814 1782 est
827 1724 898 1783 mihi
912 1735 1009 1783 taurus
1023 1726 1054 1783 in
1068 1729 1155 1783 ervo!
1195 1747 1239 1779 100

187 1822 273 1881 Idem
287 1840 370 1880 amor
385 1821 504 1879 exitium
519 1831 564 1878 est
577 1821 678 1896 pecori
692 1822 867 1896 pecorisque
884 1823 1030 1897 magistro.

185 1921 232 1978 M.
263 1920 320 1977 His
335 1929 413 1976 certe
427 1935 525 1993 neque
540 1936 623 1976 amor
636 1937 726 1976 causa
740 1928 803 1991 est,
825 1920 872 1976 vix
886 1919 998 1977 ossibus
1017 1919 1155 1977 haerent:

185 2017 286 2075 nescio
301 2017 365 2090 quis
379 2026 495 2074 teneros
510 2015 612 2074 oculus
627 2015 699 2073 mihi
713 2016 835 2073 fascinat
848 2034 949 2090 agnos.

185 2116 228 2173 D.
257 2114 324 2184 Dic,
340 2113 444 2188 quibus
459 2112 489 2170 in
504 2112 673 2171 terris—et
688 2113 744 2170 eris
758 2113 829 2170 mihi
843 2131 965 2187 magnus
979 2112 1135 2188 Apollo—-

186 2212 235 2269 tris
249 2220 348 2286 pateat
362 2209 436 2267 caeli
450 2209 576 2285 spatium
591 2227 652 2267 non
665 2210 790 2284 amplius
805 2210 896 2267 ulnas.
1197 2229 1238 2276 105

185 2309 232 2366 M.
261 2308 328 2380 Dic,
344 2307 449 2382 quibus
463 2307 494 2364 in
508 2307 589 2365 terris
604 2307 735 2382 inscripti
748 2307 869 2364 nomina
882 2324 983 2381 regum

185 2414 341 2463 nascantur
355 2404 448 2475 flores,
464 2412 494 2461 et
509 2403 641 2478 Phyllida
654 2404 732 2462 solus
747 2403 863 2461 habeto.

185 2504 219 2561 P.
250 2503 320 2560 Non
334 2511 466 2559 nostrum
481 2502 620 2560 intervos
634 2511 728 2559 tantas
744 2519 921 2577 componere
935 2499 1008 2558 lites.

159 2601 165 2613 ’
186 2602 225 2657 Et
239 2599 327 2657 vitula
341 2608 372 2656 tu
387 2597 501 2674 dignus,
516 2598 617 2669 ethic,
633 2608 663 2656 et
677 2599 807 2673 quisquis
821 2615 935 2655 amores

185 2706 235 2754 aut
250 2705 362 2753 metuet
376 2695 487 2766 dulces,
503 2705 553 2753 aut
567 2696 732 2770 experietur
745 2713 868 2753 amaros.

185 2792 320 2854 Claudite
334 2792 394 2850 iam
407 2792 491 2865 rivos,
507 2792 598 2867 pueri,
614 2801 659 2851 sat
672 2802 755 2867 prata
769 2793 914 2851 biberunt.

575 2997 771 3057 ECLOGUE
799 2998 851 3056 IV.

228 3134 320 3182 When
332 3147 410 3198 peace
423 3129 542 3181 followed
554 3131 597 3180 the
615 3132 804 3180 reconciliation
821 3132 851 3180 of
859 3133 963 3195 Antony
974 3131 1026 3180 and
1042 3131 1193 3181 Octavianus
1210 3138 1237 3179 at

184 3215 345 3265 Brundisium
359 3214 420 3276 (uc.
434 3214 492 3278 40),
505 3215 548 3264 the
560 3229 636 3277 eager
648 3213 715 3278 hope
728 3214 757 3262 os
766 3214 831 3278 Italy
842 3214 936 3262 looked
951 3215 990 3263 for
1007 3231 1022 3262 a
1039 3213 1132 3277 goldeu
1149 3230 1192 3262 era
1209 3213 1239 3262 of

184 3298 324 3363 prosperity
335 3296 386 3345 and
398 3297 473 3362 quiet.
510 3297 598 3356 Pollio,
611 3297 713 3359 Virgil's
725 3297 824 3346 earliest
835 3303 933 3362 patron,
945 3297 996 3345 had
1008 3298 1075 3345 been
1085 3296 1235 3345 iustrumen-

184 3380 219 3429 tal
230 3381 257 3429 in
273 3380 391 3443 bringing
408 3380 451 3428 the
471 3394 549 3444 peace
567 3379 653 3438 about,
666 3379 717 3429 and
735 3379 787 3429 had
802 3379 853 3444 just
869 3378 973 3428 entered
985 3395 1019 3427 on
1030 3379 1069 3427 his
1081 3378 1235 3444 consulship,

184 3462 258 3512 when
270 3477 344 3512 ason
355 3479 406 3512 was
418 3463 482 3511 born
494 3470 520 3511 to
532 3462 592 3511 him.
628 3462 729 3526 Seizing
740 3463 783 3511 the
795 3462 914 3511 occasion
925 3461 955 3510 of
969 3462 1013 3511 the
1029 3460 1152 3526 expected
1168 3461 1235 3510 birth

184 3543 214 3593 oi
223 3544 272 3594 this
283 3544 371 3604 iniant,
384 3545 410 3592 in
423 3543 494 3593 these
506 3547 598 3602 verse's,
611 3542 638 3592 in
648 3542 732 3592 which
743 3543 796 3592 also
814 3542 909 3592 certain
925 3557 1007 3606 vague
1025 3541 1175 3607 prophecies
1191 3557 1235 3590 are

357 3689 380 3724 ⁸⁷
390 3692 511 3737 harenam.
526 3691 555 3737 R
734 3688 768 3723 1⁰²
778 3704 866 3736 caussa.
882 3690 915 3736 H.

356 3763 379 3798 ⁹1
389 3765 472 3822 volpes.
488 3765 516 3810 R.
734 3763 925 3812 11⁰tautemet.
954 3763 1018 3810 haut.
1034 3764 1062 3811 R.
