2834 4292
218 313 255 373 18
587 307 748 372 Pastoral
765 309 893 372 Poemr.
1154 312 1271 378 [Bnoor.

213 491 356 550 Dictaeae
370 491 526 568 nymphae,
540 507 694 550 nemorum
708 490 767 548 iam
781 489 908 548 claudite
925 489 1023 561 saltria,

213 588 237 646 si
251 606 309 663 qua
321 589 395 647 sorte
409 589 503 646 serant
516 587 608 648 oculis
622 604 687 646 sese
701 587 789 645 obvia
801 586 907 646 nostris

212 684 375 744 errabunda
389 685 470 744 bovis
484 685 606 760 vestigia
614 704 622 758 ;
644 684 764 742 forsitan
777 684 866 755 illum,

212 791 261 840 aut
276 782 366 841 herba
380 792 500 858 captum
513 781 605 853 viridi,
620 790 670 839 aut
684 790 817 838 armenta
829 790 972 854 secutum,

211 877 376 955 perducant
390 879 502 955 aliquae
517 878 629 937 stabula
644 876 682 935 ad
697 877 840 954 Gortynia
853 895 972 937 vaccae.

252 977 329 1034 Tum
343 976 422 1034 canit
436 974 637 1052 Hesperidum
650 973 783 1032 miratam
797 975 873 1032 mala
885 967 1034 1050 puellam3
1136 1003 1141 1010 ·

212 1082 275 1132 tum
289 1073 535 1134 Phaethontiades
549 1090 652 1132 musco
668 1071 830 1130 circumdat
844 1090 943 1130 amaro

212 1171 338 1244 corticis,
353 1180 440 1247 atque
455 1172 517 1231 solo
532 1188 669 1245 proceras
684 1169 768 1244 erigit
781 1170 874 1228 alnos.

252 1270 329 1326 Tum
344 1269 430 1340 canit,
446 1278 589 1326 errantem
605 1267 748 1325 Permessi
761 1265 800 1324 ad
815 1266 934 1325 flumina
947 1265 1065 1326 Gallum

211 1369 312 1424 Aonas
326 1367 356 1424 in
369 1365 477 1425 montis
491 1375 523 1423 ut
536 1364 650 1422 duxerit
664 1381 724 1422 una
736 1381 878 1435 sororum,

212 1472 301 1539 utque
315 1464 378 1521 viro
392 1462 505 1524 Phoebi
519 1461 626 1520 chorus
638 1460 832 1520 adsurrexerit
845 1461 962 1534 omnis;

212 1569 245 1618 ut
258 1561 348 1618 Linus
362 1559 437 1618 haec
451 1559 499 1631 illi,
514 1558 614 1617 divino
629 1559 758 1616 carmine
772 1566 880 1634 pastor,

213 1657 330 1716 floribus
344 1667 431 1733 atque
446 1657 514 1732 apio
528 1657 614 1714 crinis
629 1666 747 1714 omatus
761 1673 869 1726 amaro,

213 1754 335 1813 dixerit:
359 1757 445 1814 ‘Hos
458 1755 511 1813 tibi
525 1753 596 1812 dant
610 1753 748 1824 calamos,
763 1771 801 1816 en
815 1752 928 1827 accipe,
943 1752 1058 1823 Musae,

213 1855 341 1911 Ascraeo
355 1871 430 1928 quos
443 1861 511 1910 ante
525 1851 597 1922 seni,
613 1850 718 1926 quibus
731 1850 778 1907 ille
793 1849 906 1908 solebat

214 1948 363 2008 cantando
376 1948 482 2024 rigidas
497 1947 645 2010 deducere
659 1947 807 2006 montibus
821 1964 930 2006 ornos:

213 2046 258 2104 his
272 2047 325 2105 tibi
339 2046 448 2122 Grynei
461 2045 588 2103 nemoris
603 2043 717 2102 dicatur
730 2044 822 2118 origo,

213 2162 251 2202 ne
266 2143 330 2220 quis
344 2143 381 2202 sit
393 2143 485 2214 lucus,
500 2160 560 2217 quo
573 2159 604 2200 se
619 2141 683 2216 plus
697 2140 786 2198 iactet
799 2140 926 2216 Apollo.'

255 2240 335 2316 Quid
348 2241 451 2316 loquar
463 2249 514 2298 aut
527 2238 651 2314 Scyllam
666 2238 741 2309 Nisi,
756 2255 844 2312 quam
857 2238 935 2295 sama
947 2245 1050 2296 secuta
1061 2246 1107 2296 est

215 2336 343 2395 candida
356 2336 536 2395 succinctam
549 2334 717 2393 latrantibus
730 2333 851 2408 inguina
863 2333 999 2392 monstris

215 2434 366 2493 Dulichias
380 2451 499 2491 vexasse
513 2441 598 2504 rates,
605 2441 643 2489 et
657 2431 768 2506 gurgite
783 2430 813 2487 in
827 2430 887 2488 alto
1006 2502 1010 2510 .

214 2532 262 2603 ah,
276 2530 396 2590 timidos
409 2539 511 2588 nautas
525 2529 646 2587 canibus
659 2529 802 2586 lacerasse
816 2527 943 2599 marinis,

214 2638 265 2688 aut
278 2638 309 2686 ut
323 2637 449 2686 mutatos
463 2628 550 2685 Terei
564 2627 720 2684 narraverit
735 2635 833 2697 artus;

215 2745 287 2802 quas
301 2726 340 2784 illi
356 2724 516 2783 Philomela
529 2724 631 2798 dapes,
647 2741 722 2798 quae
737 2722 817 2780 dona
830 2720 946 2796 pararit,

215 2841 274 2898 quo
290 2841 375 2881 cursu
389 2821 505 2879 deserta
517 2820 659 2896 petiverit,
675 2829 704 2877 et
718 2819 822 2894 quibus
836 2827 905 2876 ante

215 2920 315 2978 infelix
328 2938 381 2977 sua
395 2928 474 2976 tecta
488 2916 736 2992 supervolitaverit
749 2916 822 2974 alis?

257 3016 374 3088 Omnia,
388 3032 473 3090 quae,
489 3013 611 3072 Phoebo
625 3012 776 3088 quondam
789 3010 961 3083 meditante,
975 3010 1078 3070 beatus
1151 3004 1154 3012 '

216 3113 308 3172 audiit
323 3114 455 3183 Eurotas,
472 3111 610 3184 iussitque
624 3109 756 3167 ediscere
770 3108 876 3179 laurus,

216 3212 263 3269 ille
278 3210 375 3268 canit:
397 3209 498 3285 pulsae
512 3207 639 3264 referunt
652 3205 691 3263 ad
705 3204 803 3263 sidera
814 3204 923 3277 valles;

217 3325 323 3383 cogere
338 3306 436 3365 donec
450 3304 513 3363 ovis
526 3303 647 3362 stabulis
659 3319 870 3376 numerumque
885 3299 983 3358 referri

217 3406 308 3477 iussit,
323 3414 353 3462 et
366 3404 457 3462 invito
470 3401 615 3478 processit
627 3401 741 3475 Vesper
755 3399 893 3474 Olympo.

276 3595 430 3653 ⁶⁶numphae.
446 3595 475 3641 R.
533 3593 556 3628 ⁶²
566 3591 772 3638 Phaethontiadas.
801 3604 906 3635 amarae.
965 3589 987 3620 ⁷⁴
997 3593 1032 3633 est
1040 3588 1147 3634 omitted.
1163 3588 1192 3634 R

276 3669 299 3705 ⁸⁸
308 3670 430 3730 farsitum.
445 3669 474 3715 R
807 3663 848 3724 [R.
965 3661 986 3695 ⁸⁰
997 3663 1051 3708 alte.
1068 3662 1096 3708 R.
