2834 4292
220 266 263 329 80
522 282 556 329 11.
583 264 614 327 T
609 265 650 329 lte
671 264 752 329 Fall
770 267 813 350 qs
834 268 926 350 Troy.
1154 276 1280 343 [AEuam.

219 444 272 506 dat
284 447 391 519 lucem,
406 458 436 507 et
448 447 506 507 late
520 448 631 509 circum
645 451 712 509 loca
725 450 863 528 sulphure
876 454 998 512 sumant

177 526 282 601 ”Hic
296 562 365 604 vero
378 546 472 605 victus
486 546 600 621 genitor
613 566 644 605 se
659 548 733 607 tollit
746 549 787 607 ad
800 568 894 622 auras,

219 639 391 717 adfaturque
406 641 479 702 deos
494 652 524 701 et
537 654 670 702 sanctum
684 644 766 705 sidus
779 644 893 705 adorat.
1235 661 1281 704 700

221 738 304 796 ‘Iam
317 738 376 796 iam
390 738 469 797 nulla
482 758 564 797 mora
578 750 641 813 est3
663 760 771 817 sequor
784 751 814 801 et
828 762 888 818 qua
901 743 1008 803 ducitis
1022 743 1140 805 adsum.

221 834 261 891 Di
274 835 366 908 patrii,
381 844 493 894 servate
507 836 640 909 domum,
655 849 768 897 servate
782 850 934 915 nepotem.

219 930 355 989 Vestrum
369 930 427 989 hoc
441 933 601 1007 augurium,
615 946 773 1011 vestroque
788 937 818 995 in
834 939 956 997 numine
971 940 1061 999 Troia
1074 952 1130 1001 est.

221 1025 307 1085 Cedo
321 1026 469 1102 equidem,
484 1047 551 1102 nec,
565 1041 643 1102 nate,
658 1033 711 1090 tibi
726 1050 827 1091 comes
842 1034 882 1092 ire
898 1040 1023 1098 recuso!

261 1123 382 1183 Dixerat
396 1125 442 1183 ille
454 1146 461 1197 ;
483 1137 513 1184 et
526 1127 583 1185 iam
598 1146 651 1203 per
665 1131 903 1205 moeniaclarior
918 1135 993 1210 ignis

221 1218 344 1293 auditur,
358 1223 536 1298 propiusque
550 1235 647 1283 aestus
662 1226 801 1286 incendia
817 1232 946 1291 volvunt

222 1319 319 1394 ‘Ergo
333 1336 397 1395 age,
412 1338 478 1377 care
493 1330 584 1395 pater,
599 1322 706 1380 cervici
723 1325 875 1401 imponere
889 1341 1028 1402 nostrae,

187 1470 191 1474 ,
223 1412 285 1485 ipse
307 1411 410 1469 subibo
432 1414 548 1485 umeris,
568 1436 624 1475 nec
639 1438 687 1477 me
704 1422 787 1481 labor
800 1424 854 1483 iste
867 1428 1016 1500 gravabit:

222 1529 281 1585 quo
296 1530 481 1589 tescumque
496 1514 612 1589 cadent,
630 1538 723 1577 unum
737 1531 767 1579 et
782 1541 941 1581 commune
955 1526 1108 1599 periclum,

223 1626 281 1666 una
294 1610 369 1669 salus
383 1613 527 1672 ambobus
541 1617 603 1675 erit.
646 1618 722 1676 Mihi
736 1636 841 1693 parvus
855 1621 936 1679 Iulus

222 1706 259 1763 sit
273 1724 383 1779 comes,
399 1718 428 1766 et
442 1710 528 1787 longe
543 1723 638 1772 servet
650 1717 773 1792 vestigia
786 1718 934 1775 coniunx:

223 1822 282 1875 vos,
299 1804 405 1877 famuli,
419 1824 496 1881 quae
512 1808 622 1883 dicam,
636 1814 740 1871 animis
754 1814 895 1873 advertite
908 1817 1021 1873 vestris.

223 1902 276 1960 Est
290 1902 361 1961 urbe
376 1906 496 1980 egressis
510 1909 637 1967 tumulus
652 1911 851 1986 templumque
865 1921 1013 1970 uetustum

222 2000 356 2061 desertae
371 2004 495 2077 Cereris,
509 2006 645 2081 iuxtaque
661 2008 780 2081 antiqua
794 2026 949 2083 cupressus

222 2097 360 2174 religione
375 2109 488 2175 patrum
503 2102 608 2161 multos
623 2112 736 2161 servata
748 2122 801 2179 per
814 2123 918 2164 annos.

223 2196 312 2255 Hanc
326 2214 363 2254 ex
377 2196 492 2257 diverso
509 2198 610 2257 sedem
624 2201 775 2259 veniemus
788 2202 818 2258 in
833 2221 932 2261 unam.

221 2296 278 2368 Tu,
292 2296 414 2371 genitor,
429 2315 503 2373 cape
518 2314 602 2358 sacra
615 2315 703 2355 manu
718 2299 885 2373 patriosque
901 2301 1036 2374 Penatis;

222 2411 280 2465 me,
295 2393 372 2452 bello
387 2411 404 2453 e
418 2403 499 2451 tanto
516 2392 677 2469 digressum
692 2405 722 2453 et
735 2394 828 2453 caede
842 2397 963 2469 recenti,

222 2498 374 2550 attrectare
388 2492 479 2565 nefas,
496 2491 594 2551 donec
609 2509 656 2549 me
671 2491 790 2549 flumine
806 2494 872 2552 vivo

223 2588 362 2648 abluero!

266 2683 353 2740 Haec
373 2682 456 2753 fatus,
477 2682 552 2742 latos
572 2702 689 2743 umeros
702 2686 892 2763 subiectaque
907 2690 983 2747 colla
1058 2728 1064 2737 ·

222 2792 302 2841 veste
316 2801 403 2859 super
415 2784 541 2859 fulvique
557 2785 700 2842 insternor
715 2784 790 2859 pelle
805 2785 908 2857 leonis,
998 2787 1002 2792 ’

222 2878 410 2957 succedoque
424 2882 525 2953 oneri;
546 2881 665 2940 dextrae
681 2899 712 2939 se
727 2899 832 2957 parvus
848 2882 928 2940 Iulus

222 2976 365 3052 implicuit
378 2979 564 3055 sequiturque
578 2988 692 3056 patrem
706 2999 768 3038 non
782 2980 915 3055 passibus
928 2980 1048 3055 aequis3

223 3092 301 3148 pone
316 3076 392 3134 subit
405 3077 551 3135 coniunx:
574 3078 692 3135 ferimur
706 3096 759 3153 per
773 3096 869 3153 opaca
883 3077 1035 3150 locorum;

223 3181 252 3228 et
266 3190 322 3244 me,
338 3190 426 3247 quem
440 3173 553 3232 dudum
566 3192 627 3232 non
641 3175 698 3232 ulla
713 3176 820 3233 iniecta
833 3175 993 3234 movebant

223 3269 281 3327 tela
293 3288 389 3345 neque
404 3270 526 3331 adverso
540 3269 689 3347 glomerati
704 3291 742 3330 ex
756 3274 872 3349 agmine
888 3274 968 3344 Grai,

223 3384 302 3425 nunc
316 3386 419 3427 omnes
431 3377 538 3427 terrent
552 3387 647 3441 aurae,
663 3388 752 3428 sonus
767 3370 875 3427 excitat
889 3369 985 3429 omnis

223 3481 395 3539 suspensum
409 3475 439 3523 et
452 3466 559 3541 pariter
572 3467 731 3541 comitique
746 3468 887 3542 onerique
903 3467 1068 3527 timentem.

265 3563 386 3639 Iamque
401 3563 632 3638 propinquabam
646 3564 745 3639 portis,
761 3581 940 3639 omnemque
954 3562 1076 3625 videbar

224 3659 347 3719 evasisse
361 3660 446 3733 viam,
461 3659 558 3719 subito
570 3678 640 3719 cum
653 3661 756 3736 creber
769 3660 808 3720 ad
821 3661 898 3719 auris

650 3786 684 3821 ser
694 3788 798 3846 sulm,
813 3788 842 3837 p·
