<?xml version="1.0" encoding="UTF-8"?>
<!DOCTYPE html PUBLIC "-//W3C//DTD XHTML 1.0 Transitional//EN"
    "http://www.w3.org/TR/xhtml1/DTD/xhtml1-transitional.dtd">
<html xmlns="http://www.w3.org/1999/xhtml" xml:lang="en" lang="en">
 <head>
  <title>
</title>
<meta http-equiv="Content-Type" content="text/html;charset=utf-8" />
  <meta name='ocr-system' content='tesseract 3.04.00' />
  <meta name='ocr-capabilities' content='ocr_page ocr_carea ocr_par ocr_line ocrx_word'/>
</head>
<body>
  <div class='ocr_page' id='page_1' title='image "./greaterpoemsvir00kittgoog_0146.png"; bbox 0 0 2834 4292; ppageno 0'>
   <div class='ocr_carea' id='block_1_1' title="bbox 214 294 1014 380">
    <p class='ocr_par' dir='ltr' id='par_1_1' title="bbox 214 294 1014 380">
     <span class='ocr_line' id='line_1_1' title="bbox 214 294 1014 380; baseline 0.003 -21"><span class='ocrx_word' id='word_1_1' title='bbox 214 312 274 375; x_wconf 88' lang='lat'>124</span> <span class='ocrx_word' id='word_1_2' title='bbox 466 312 511 360; x_wconf 80' lang='grc' dir='ltr'>ιν.</span> <span class='ocrx_word' id='word_1_3' title='bbox 535 294 720 378; x_wconf 71' lang='lat' dir='ltr'>Depamure</span> <span class='ocrx_word' id='word_1_4' title='bbox 731 295 826 376; x_wconf 85' lang='lat' dir='ltr'>from</span> <span class='ocrx_word' id='word_1_5' title='bbox 845 294 1014 380; x_wconf 81' lang='lat' dir='ltr'>Carthage.</span> 
     </span>
    </p>
   </div>
   <div class='ocr_carea' id='block_1_2' title="bbox 166 478 1269 3683">
    <p class='ocr_par' dir='ltr' id='par_1_2' title="bbox 209 478 1059 557">
     <span class='ocr_line' id='line_1_2' title="bbox 209 478 1059 557; baseline 0.006 -22"><span class='ocrx_word' id='word_1_6' title='bbox 209 496 298 553; x_wconf 91' lang='lat' dir='ltr'>quem</span> <span class='ocrx_word' id='word_1_7' title='bbox 319 478 441 537; x_wconf 85' lang='lat' dir='ltr'>subiisse</span> <span class='ocrx_word' id='word_1_8' title='bbox 462 480 570 540; x_wconf 89' lang='lat' dir='ltr'>umeris</span> <span class='ocrx_word' id='word_1_9' title='bbox 592 479 760 538; x_wconf 86' lang='lat' dir='ltr'>coniectum</span> <span class='ocrx_word' id='word_1_10' title='bbox 775 488 871 539; x_wconf 83' lang='lat' dir='ltr'>aetate</span> <span class='ocrx_word' id='word_1_11' title='bbox 884 485 1059 557; x_wconf 82' lang='lat' dir='ltr'>parentem!</span> 
     </span>
    </p>

    <p class='ocr_par' dir='ltr' id='par_1_3' title="bbox 211 576 973 653">
     <span class='ocr_line' id='line_1_3' title="bbox 211 576 973 653; baseline 0.003 -18"><span class='ocrx_word' id='word_1_12' title='bbox 211 578 281 635; x_wconf 91' lang='lat' dir='ltr'>Non</span> <span class='ocrx_word' id='word_1_13' title='bbox 295 577 379 653; x_wconf 91' lang='lat' dir='ltr'>potui</span> <span class='ocrx_word' id='word_1_14' title='bbox 393 577 545 652; x_wconf 88' lang='lat' dir='ltr'>abreptum</span> <span class='ocrx_word' id='word_1_15' title='bbox 559 576 696 635; x_wconf 90' lang='lat' dir='ltr'>divellere</span> <span class='ocrx_word' id='word_1_16' title='bbox 711 594 828 652; x_wconf 89' lang='lat' dir='ltr'>corpus,</span> <span class='ocrx_word' id='word_1_17' title='bbox 843 586 873 635; x_wconf 90' lang='lat' dir='ltr'>et</span> <span class='ocrx_word' id='word_1_18' title='bbox 886 577 973 638; x_wconf 90' lang='lat' dir='ltr'>undis</span> 
     </span>
    </p>

    <p class='ocr_par' dir='ltr' id='par_1_4' title="bbox 210 674 1042 750">
     <span class='ocr_line' id='line_1_4' title="bbox 210 674 1042 750; baseline 0.006 -19"><span class='ocrx_word' id='word_1_19' title='bbox 210 676 365 750; x_wconf 83' lang='lat' dir='ltr'>spargere?</span> <span class='ocrx_word' id='word_1_20' title='bbox 406 675 477 733; x_wconf 92' lang='lat' dir='ltr'>Non</span> <span class='ocrx_word' id='word_1_21' title='bbox 492 674 598 745; x_wconf 90' lang='lat' dir='ltr'>socios,</span> <span class='ocrx_word' id='word_1_22' title='bbox 612 690 673 731; x_wconf 91' lang='lat' dir='ltr'>non</span> <span class='ocrx_word' id='word_1_23' title='bbox 688 675 786 749; x_wconf 90' lang='lat' dir='ltr'>ipsum</span> <span class='ocrx_word' id='word_1_24' title='bbox 800 675 952 735; x_wconf 86' lang='lat' dir='ltr'>absumere</span> <span class='ocrx_word' id='word_1_25' title='bbox 965 677 1042 736; x_wconf 81' lang='lat' dir='ltr'>ferro</span> 
     </span>
    </p>

    <p class='ocr_par' dir='ltr' id='par_1_5' title="bbox 211 770 1066 847">
     <span class='ocr_line' id='line_1_5' title="bbox 211 770 1066 847; baseline 0.006 -19"><span class='ocrx_word' id='word_1_26' title='bbox 211 772 378 842; x_wconf 84' lang='lat' dir='ltr'>Ascanium,</span> <span class='ocrx_word' id='word_1_27' title='bbox 393 772 550 846; x_wconf 88' lang='lat' dir='ltr'>patriisque</span> <span class='ocrx_word' id='word_1_28' title='bbox 565 770 746 846; x_wconf 88' lang='lat' dir='ltr'>epulandum</span> <span class='ocrx_word' id='word_1_29' title='bbox 760 789 872 847; x_wconf 90' lang='lat' dir='ltr'>ponere</span> <span class='ocrx_word' id='word_1_30' title='bbox 885 775 1066 832; x_wconf 83' lang='lat' dir='ltr'>mensis?-</span> 
     </span>
    </p>

    <p class='ocr_par' dir='ltr' id='par_1_6' title="bbox 209 867 994 943">
     <span class='ocr_line' id='line_1_6' title="bbox 209 867 994 943; baseline 0.005 -18"><span class='ocrx_word' id='word_1_31' title='bbox 209 869 319 926; x_wconf 92' lang='lat' dir='ltr'>Verum</span> <span class='ocrx_word' id='word_1_32' title='bbox 333 886 443 943; x_wconf 90' lang='lat' dir='ltr'>anceps</span> <span class='ocrx_word' id='word_1_33' title='bbox 457 886 573 943; x_wconf 87' lang='lat' dir='ltr'>pugnae</span> <span class='ocrx_word' id='word_1_34' title='bbox 589 869 681 926; x_wconf 90' lang='lat' dir='ltr'>suerat</span> <span class='ocrx_word' id='word_1_35' title='bbox 695 867 811 927; x_wconf 79' lang='lat' dir='ltr'>fortuna</span> <span class='ocrx_word' id='word_1_36' title='bbox 821 891 827 928; x_wconf 91' lang='lat'>:</span> <span class='ocrx_word' id='word_1_37' title='bbox 837 901 877 912; x_wconf 92' lang='lat'><em>-</em></span> <span class='ocrx_word' id='word_1_38' title='bbox 886 871 994 929; x_wconf 83' lang='lat' dir='ltr'>luisset.</span> 
     </span>
    </p>

    <p class='ocr_par' dir='ltr' id='par_1_7' title="bbox 210 966 1024 1041">
     <span class='ocr_line' id='line_1_7' title="bbox 210 966 1024 1041; baseline 0.005 -18"><span class='ocrx_word' id='word_1_39' title='bbox 210 966 308 1041; x_wconf 90' lang='lat' dir='ltr'>Quem</span> <span class='ocrx_word' id='word_1_40' title='bbox 323 966 413 1023; x_wconf 90' lang='lat' dir='ltr'>metui</span> <span class='ocrx_word' id='word_1_41' title='bbox 428 966 586 1023; x_wconf 83' lang='lat' dir='ltr'>moritura?</span> <span class='ocrx_word' id='word_1_42' title='bbox 627 966 720 1023; x_wconf 85' lang='lat' dir='ltr'>Faces</span> <span class='ocrx_word' id='word_1_43' title='bbox 733 967 764 1023; x_wconf 88' lang='lat' dir='ltr'>in</span> <span class='ocrx_word' id='word_1_44' title='bbox 778 976 872 1025; x_wconf 88' lang='lat' dir='ltr'>castra</span> <span class='ocrx_word' id='word_1_45' title='bbox 884 969 1024 1039; x_wconf 90' lang='lat' dir='ltr'>tulissem,</span> 
     </span>
    </p>

    <p class='ocr_par' dir='ltr' id='par_1_8' title="bbox 209 1061 1035 1141">
     <span class='ocr_line' id='line_1_8' title="bbox 209 1061 1035 1141; baseline 0.005 -22"><span class='ocrx_word' id='word_1_46' title='bbox 209 1062 435 1137; x_wconf 88' lang='lat' dir='ltr'>implessemque</span> <span class='ocrx_word' id='word_1_47' title='bbox 450 1063 528 1120; x_wconf 80' lang='lat' dir='ltr'>soros</span> <span class='ocrx_word' id='word_1_48' title='bbox 543 1061 674 1133; x_wconf 88' lang='lat' dir='ltr'>flammis,</span> <span class='ocrx_word' id='word_1_49' title='bbox 689 1074 850 1140; x_wconf 85' lang='lat' dir='ltr'>natumque</span> <span class='ocrx_word' id='word_1_50' title='bbox 864 1075 1035 1141; x_wconf 86' lang='lat' dir='ltr'>patremque</span> 
     </span>
    </p>

    <p class='ocr_par' dir='ltr' id='par_1_9' title="bbox 210 1161 1048 1336">
     <span class='ocr_line' id='line_1_9' title="bbox 210 1161 1048 1247; baseline 0.005 -29"><span class='ocrx_word' id='word_1_51' title='bbox 210 1179 277 1219; x_wconf 90' lang='lat' dir='ltr'>cum</span> <span class='ocrx_word' id='word_1_52' title='bbox 293 1178 399 1235; x_wconf 84' lang='lat' dir='ltr'>genere</span> <span class='ocrx_word' id='word_1_53' title='bbox 415 1161 571 1247; x_wconf 72' lang='lat' dir='ltr'>extinxeris,</span> <span class='ocrx_word' id='word_1_54' title='bbox 588 1172 699 1220; x_wconf 88' lang='lat' dir='ltr'>memet</span> <span class='ocrx_word' id='word_1_55' title='bbox 712 1181 800 1239; x_wconf 91' lang='lat' dir='ltr'>super</span> <span class='ocrx_word' id='word_1_56' title='bbox 813 1164 878 1239; x_wconf 90' lang='lat' dir='ltr'>ipsa</span> <span class='ocrx_word' id='word_1_57' title='bbox 890 1163 1048 1222; x_wconf 85' lang='lat' dir='ltr'>dedissem.</span> 
     </span>
     <span class='ocr_line' id='line_1_10' title="bbox 251 1258 1023 1336; baseline 0.005 -20"><span class='ocrx_word' id='word_1_58' title='bbox 251 1258 326 1329; x_wconf 90' lang='lat' dir='ltr'>‘Sol,</span> <span class='ocrx_word' id='word_1_59' title='bbox 342 1258 391 1332; x_wconf 94' lang='lat' dir='ltr'>qui</span> <span class='ocrx_word' id='word_1_60' title='bbox 406 1268 545 1315; x_wconf 86' lang='lat' dir='ltr'>terrarum</span> <span class='ocrx_word' id='word_1_61' title='bbox 560 1258 682 1319; x_wconf 87' lang='lat' dir='ltr'>flammis</span> <span class='ocrx_word' id='word_1_62' title='bbox 697 1278 788 1336; x_wconf 88' lang='lat' dir='ltr'>opera</span> <span class='ocrx_word' id='word_1_63' title='bbox 800 1262 900 1320; x_wconf 92' lang='lat' dir='ltr'>omnia</span> <span class='ocrx_word' id='word_1_64' title='bbox 913 1262 1023 1333; x_wconf 84' lang='lat' dir='ltr'>lustras,</span> 
     </span>
    </p>

    <p class='ocr_par' dir='ltr' id='par_1_10' title="bbox 210 1356 1001 1432">
     <span class='ocr_line' id='line_1_11' title="bbox 210 1356 1001 1432; baseline 0.005 -19"><span class='ocrx_word' id='word_1_65' title='bbox 210 1364 299 1431; x_wconf 90' lang='lat' dir='ltr'>tuque</span> <span class='ocrx_word' id='word_1_66' title='bbox 315 1356 417 1413; x_wconf 91' lang='lat' dir='ltr'>harum</span> <span class='ocrx_word' id='word_1_67' title='bbox 433 1357 573 1431; x_wconf 89' lang='lat' dir='ltr'>interpres</span> <span class='ocrx_word' id='word_1_68' title='bbox 589 1378 724 1417; x_wconf 90' lang='lat' dir='ltr'>curarum</span> <span class='ocrx_word' id='word_1_69' title='bbox 737 1370 768 1417; x_wconf 90' lang='lat' dir='ltr'>et</span> <span class='ocrx_word' id='word_1_70' title='bbox 781 1360 901 1418; x_wconf 89' lang='lat' dir='ltr'>conseia</span> <span class='ocrx_word' id='word_1_71' title='bbox 916 1360 1001 1432; x_wconf 91' lang='lat' dir='ltr'>Iuno,</span> 
     </span>
    </p>

    <p class='ocr_par' dir='ltr' id='par_1_11' title="bbox 210 1454 951 1533">
     <span class='ocr_line' id='line_1_12' title="bbox 210 1454 951 1533; baseline 0.005 -22"><span class='ocrx_word' id='word_1_72' title='bbox 210 1454 419 1529; x_wconf 86' lang='lat' dir='ltr'>nocturnisque</span> <span class='ocrx_word' id='word_1_73' title='bbox 435 1456 551 1513; x_wconf 86' lang='lat' dir='ltr'>Hecate</span> <span class='ocrx_word' id='word_1_74' title='bbox 567 1457 654 1515; x_wconf 88' lang='lat' dir='ltr'>triviis</span> <span class='ocrx_word' id='word_1_75' title='bbox 668 1456 777 1515; x_wconf 90' lang='lat' dir='ltr'>ululata</span> <span class='ocrx_word' id='word_1_76' title='bbox 789 1475 843 1533; x_wconf 89' lang='lat' dir='ltr'>per</span> <span class='ocrx_word' id='word_1_77' title='bbox 855 1458 951 1529; x_wconf 88' lang='lat' dir='ltr'>urbes,</span> 
     </span>
    </p>

    <p class='ocr_par' dir='ltr' id='par_1_12' title="bbox 209 1552 873 1626">
     <span class='ocr_line' id='line_1_13' title="bbox 209 1552 873 1626; baseline 0 -15"><span class='ocrx_word' id='word_1_78' title='bbox 209 1562 240 1611; x_wconf 90' lang='lat' dir='ltr'>et</span> <span class='ocrx_word' id='word_1_79' title='bbox 254 1554 342 1611; x_wconf 85' lang='lat' dir='ltr'>Dirae</span> <span class='ocrx_word' id='word_1_80' title='bbox 356 1552 482 1625; x_wconf 89' lang='lat' dir='ltr'>ultrices,</span> <span class='ocrx_word' id='word_1_81' title='bbox 498 1564 528 1613; x_wconf 89' lang='lat' dir='ltr'>et</span> <span class='ocrx_word' id='word_1_82' title='bbox 541 1554 571 1613; x_wconf 93' lang='lat' dir='ltr'>di</span> <span class='ocrx_word' id='word_1_83' title='bbox 588 1555 737 1613; x_wconf 89' lang='lat' dir='ltr'>morientis</span> <span class='ocrx_word' id='word_1_84' title='bbox 751 1555 873 1626; x_wconf 85' lang='lat' dir='ltr'>Elissae,</span> 
     </span>
    </p>

    <p class='ocr_par' dir='ltr' id='par_1_13' title="bbox 210 1651 1031 1728">
     <span class='ocr_line' id='line_1_14' title="bbox 210 1651 1031 1728; baseline 0.002 -19"><span class='ocrx_word' id='word_1_85' title='bbox 210 1653 335 1728; x_wconf 88' lang='lat' dir='ltr'>accipite</span> <span class='ocrx_word' id='word_1_86' title='bbox 350 1652 433 1724; x_wconf 90' lang='lat' dir='ltr'>haec,</span> <span class='ocrx_word' id='word_1_87' title='bbox 449 1654 643 1727; x_wconf 91' lang='lat' dir='ltr'>meritumque</span> <span class='ocrx_word' id='word_1_88' title='bbox 659 1653 742 1711; x_wconf 89' lang='lat' dir='ltr'>malis</span> <span class='ocrx_word' id='word_1_89' title='bbox 755 1651 896 1711; x_wconf 88' lang='lat' dir='ltr'>advertite</span> <span class='ocrx_word' id='word_1_90' title='bbox 910 1670 1031 1725; x_wconf 89' lang='lat' dir='ltr'>numen,</span> 
     </span>
    </p>

    <p class='ocr_par' dir='ltr' id='par_1_14' title="bbox 211 1749 927 1826">
     <span class='ocr_line' id='line_1_15' title="bbox 211 1749 927 1826; baseline -0.003 -16"><span class='ocrx_word' id='word_1_91' title='bbox 211 1762 241 1810; x_wconf 88' lang='lat' dir='ltr'>et</span> <span class='ocrx_word' id='word_1_92' title='bbox 255 1762 367 1809; x_wconf 90' lang='lat' dir='ltr'>nostras</span> <span class='ocrx_word' id='word_1_93' title='bbox 381 1749 480 1809; x_wconf 90' lang='lat' dir='ltr'>audite</span> <span class='ocrx_word' id='word_1_94' title='bbox 495 1769 608 1826; x_wconf 89' lang='lat' dir='ltr'>preces.</span> <span class='ocrx_word' id='word_1_95' title='bbox 650 1752 678 1811; x_wconf 93' lang='lat' dir='ltr'>Si</span> <span class='ocrx_word' id='word_1_96' title='bbox 692 1761 811 1826; x_wconf 87' lang='lat' dir='ltr'>tangere</span> <span class='ocrx_word' id='word_1_97' title='bbox 825 1760 927 1825; x_wconf 90' lang='lat' dir='ltr'>portus</span> 
     </span>
    </p>

    <p class='ocr_par' dir='ltr' id='par_1_15' title="bbox 210 1847 936 1923">
     <span class='ocr_line' id='line_1_16' title="bbox 210 1847 936 1923; baseline -0.001 -16"><span class='ocrx_word' id='word_1_98' title='bbox 210 1848 364 1907; x_wconf 79' lang='lat' dir='ltr'>infandum</span> <span class='ocrx_word' id='word_1_99' title='bbox 378 1856 467 1923; x_wconf 85' lang='lat' dir='ltr'>caput</span> <span class='ocrx_word' id='word_1_100' title='bbox 480 1866 516 1905; x_wconf 90' lang='lat' dir='ltr'>ae</span> <span class='ocrx_word' id='word_1_101' title='bbox 530 1848 610 1907; x_wconf 86' lang='lat' dir='ltr'>terris</span> <span class='ocrx_word' id='word_1_102' title='bbox 625 1847 734 1907; x_wconf 89' lang='lat' dir='ltr'>adnare</span> <span class='ocrx_word' id='word_1_103' title='bbox 747 1864 868 1905; x_wconf 88' lang='lat' dir='ltr'>necesse</span> <span class='ocrx_word' id='word_1_104' title='bbox 883 1856 936 1919; x_wconf 87' lang='lat' dir='ltr'>est,</span> 
     </span>
    </p>

    <p class='ocr_par' dir='ltr' id='par_1_16' title="bbox 211 1944 961 2020">
     <span class='ocr_line' id='line_1_17' title="bbox 211 1944 961 2020; baseline -0.001 -15"><span class='ocrx_word' id='word_1_105' title='bbox 211 1955 240 2005; x_wconf 88' lang='lat' dir='ltr'>et</span> <span class='ocrx_word' id='word_1_106' title='bbox 255 1947 297 2006; x_wconf 88' lang='lat' dir='ltr'>sic</span> <span class='ocrx_word' id='word_1_107' title='bbox 311 1946 370 2005; x_wconf 86' lang='lat' dir='ltr'>sata</span> <span class='ocrx_word' id='word_1_108' title='bbox 384 1945 462 2004; x_wconf 87' lang='lat' dir='ltr'>Iovis</span> <span class='ocrx_word' id='word_1_109' title='bbox 477 1954 612 2020; x_wconf 91' lang='lat' dir='ltr'>poscunt,</span> <span class='ocrx_word' id='word_1_110' title='bbox 627 1946 676 2004; x_wconf 88' lang='lat' dir='ltr'>hie</span> <span class='ocrx_word' id='word_1_111' title='bbox 689 1944 828 2003; x_wconf 89' lang='lat' dir='ltr'>terminus</span> <span class='ocrx_word' id='word_1_112' title='bbox 843 1946 961 2004; x_wconf 87' lang='lat' dir='ltr'>haeret:</span> 
     </span>
    </p>

    <p class='ocr_par' dir='ltr' id='par_1_17' title="bbox 213 2042 872 2119">
     <span class='ocr_line' id='line_1_18' title="bbox 213 2042 872 2119; baseline -0.003 -16"><span class='ocrx_word' id='word_1_113' title='bbox 213 2055 243 2103; x_wconf 90' lang='lat' dir='ltr'>at</span> <span class='ocrx_word' id='word_1_114' title='bbox 256 2044 333 2103; x_wconf 90' lang='lat' dir='ltr'>bello</span> <span class='ocrx_word' id='word_1_115' title='bbox 348 2042 468 2101; x_wconf 88' lang='lat' dir='ltr'>audacis</span> <span class='ocrx_word' id='word_1_116' title='bbox 482 2043 583 2119; x_wconf 92' lang='lat' dir='ltr'>populi</span> <span class='ocrx_word' id='word_1_117' title='bbox 597 2052 717 2101; x_wconf 88' lang='lat' dir='ltr'>vexatus</span> <span class='ocrx_word' id='word_1_118' title='bbox 732 2052 762 2100; x_wconf 89' lang='lat' dir='ltr'>et</span> <span class='ocrx_word' id='word_1_119' title='bbox 775 2042 872 2115; x_wconf 90' lang='lat' dir='ltr'>armis,</span> 
     </span>
    </p>

    <p class='ocr_par' dir='ltr' id='par_1_18' title="bbox 214 2140 845 2217">
     <span class='ocr_line' id='line_1_19' title="bbox 214 2140 845 2217; baseline -0.005 -15"><span class='ocrx_word' id='word_1_120' title='bbox 214 2144 319 2202; x_wconf 91' lang='lat' dir='ltr'>finibus</span> <span class='ocrx_word' id='word_1_121' title='bbox 334 2141 463 2213; x_wconf 69' lang='lat' dir='ltr'>extorris</span> <span class='ocrx_word' id='word_1_122' title='bbox 479 2141 636 2217; x_wconf 90' lang='lat' dir='ltr'>complexu</span> <span class='ocrx_word' id='word_1_123' title='bbox 650 2141 765 2199; x_wconf 87' lang='lat' dir='ltr'>avulsus</span> <span class='ocrx_word' id='word_1_124' title='bbox 780 2140 845 2213; x_wconf 89' lang='lat' dir='ltr'>Iuli,</span> 
     </span>
    </p>

    <p class='ocr_par' dir='ltr' id='par_1_19' title="bbox 215 2237 952 2315">
     <span class='ocr_line' id='line_1_20' title="bbox 215 2237 952 2315; baseline -0.003 -16"><span class='ocrx_word' id='word_1_125' title='bbox 215 2241 352 2299; x_wconf 91' lang='lat' dir='ltr'>auxilium</span> <span class='ocrx_word' id='word_1_126' title='bbox 367 2239 511 2315; x_wconf 88' lang='lat' dir='ltr'>imploret,</span> <span class='ocrx_word' id='word_1_127' title='bbox 526 2238 684 2314; x_wconf 89' lang='lat' dir='ltr'>videatque</span> <span class='ocrx_word' id='word_1_128' title='bbox 698 2237 819 2314; x_wconf 81' lang='lat' dir='ltr'>indigna</span> <span class='ocrx_word' id='word_1_129' title='bbox 832 2256 952 2297; x_wconf 89' lang='lat' dir='ltr'>suorum</span> 
     </span>
    </p>

    <p class='ocr_par' dir='ltr' id='par_1_20' title="bbox 213 2336 941 2411">
     <span class='ocr_line' id='line_1_21' title="bbox 213 2336 941 2411; baseline -0.005 -14"><span class='ocrx_word' id='word_1_130' title='bbox 213 2341 334 2410; x_wconf 78' lang='lat' dir='ltr'>sunera3</span> <span class='ocrx_word' id='word_1_131' title='bbox 355 2355 421 2409; x_wconf 90' lang='lat' dir='ltr'>nec,</span> <span class='ocrx_word' id='word_1_132' title='bbox 437 2355 506 2396; x_wconf 88' lang='lat' dir='ltr'>curn</span> <span class='ocrx_word' id='word_1_133' title='bbox 520 2354 551 2395; x_wconf 89' lang='lat' dir='ltr'>se</span> <span class='ocrx_word' id='word_1_134' title='bbox 565 2336 620 2394; x_wconf 92' lang='lat' dir='ltr'>sub</span> <span class='ocrx_word' id='word_1_135' title='bbox 634 2336 714 2411; x_wconf 89' lang='lat' dir='ltr'>leges</span> <span class='ocrx_word' id='word_1_136' title='bbox 727 2336 809 2411; x_wconf 87' lang='lat' dir='ltr'>pacis</span> <span class='ocrx_word' id='word_1_137' title='bbox 822 2336 941 2411; x_wconf 89' lang='lat' dir='ltr'>iniquae</span> 
     </span>
    </p>

    <p class='ocr_par' dir='ltr' id='par_1_21' title="bbox 213 2433 868 2510">
     <span class='ocr_line' id='line_1_22' title="bbox 213 2433 868 2510; baseline -0.008 -15"><span class='ocrx_word' id='word_1_138' title='bbox 213 2435 372 2507; x_wconf 84' lang='lat' dir='ltr'>tradiderit,</span> <span class='ocrx_word' id='word_1_139' title='bbox 387 2452 479 2510; x_wconf 87' lang='lat' dir='ltr'>regno</span> <span class='ocrx_word' id='word_1_140' title='bbox 493 2442 542 2491; x_wconf 88' lang='lat' dir='ltr'>aut</span> <span class='ocrx_word' id='word_1_141' title='bbox 556 2442 658 2508; x_wconf 88' lang='lat' dir='ltr'>optata</span> <span class='ocrx_word' id='word_1_142' title='bbox 669 2433 736 2491; x_wconf 92' lang='lat' dir='ltr'>luce</span> <span class='ocrx_word' id='word_1_143' title='bbox 750 2433 868 2505; x_wconf 86' lang='lat' dir='ltr'>fruatur,</span> 
     </span>
    </p>

    <p class='ocr_par' dir='ltr' id='par_1_22' title="bbox 215 2529 1022 2605">
     <span class='ocr_line' id='line_1_23' title="bbox 215 2529 1022 2605; baseline -0.004 -14"><span class='ocrx_word' id='word_1_144' title='bbox 215 2532 269 2592; x_wconf 90' lang='lat' dir='ltr'>sed</span> <span class='ocrx_word' id='word_1_145' title='bbox 284 2532 371 2591; x_wconf 87' lang='lat' dir='ltr'>cadat</span> <span class='ocrx_word' id='word_1_146' title='bbox 385 2542 452 2589; x_wconf 88' lang='lat' dir='ltr'>ante</span> <span class='ocrx_word' id='word_1_147' title='bbox 467 2531 557 2603; x_wconf 89' lang='lat' dir='ltr'>diem,</span> <span class='ocrx_word' id='word_1_148' title='bbox 572 2529 731 2605; x_wconf 87' lang='lat' dir='ltr'>mediaque</span> <span class='ocrx_word' id='word_1_149' title='bbox 746 2530 913 2588; x_wconf 89' lang='lat' dir='ltr'>inhumatus</span> <span class='ocrx_word' id='word_1_150' title='bbox 926 2548 1022 2589; x_wconf 88' lang='lat' dir='ltr'>arena.</span> 
     </span>
    </p>

    <p class='ocr_par' dir='ltr' id='par_1_23' title="bbox 216 2626 1170 2705">
     <span class='ocr_line' id='line_1_24' title="bbox 216 2626 1170 2705; baseline -0.001 -17"><span class='ocrx_word' id='word_1_151' title='bbox 216 2633 302 2689; x_wconf 91' lang='lat' dir='ltr'>Haec</span> <span class='ocrx_word' id='word_1_152' title='bbox 316 2647 430 2705; x_wconf 89' lang='lat' dir='ltr'>precor,</span> <span class='ocrx_word' id='word_1_153' title='bbox 445 2628 522 2686; x_wconf 93' lang='lat' dir='ltr'>hanc</span> <span class='ocrx_word' id='word_1_154' title='bbox 535 2646 640 2686; x_wconf 91' lang='lat' dir='ltr'>vocem</span> <span class='ocrx_word' id='word_1_155' title='bbox 655 2638 817 2686; x_wconf 85' lang='lat' dir='ltr'>extremam</span> <span class='ocrx_word' id='word_1_156' title='bbox 831 2645 899 2685; x_wconf 88' lang='lat' dir='ltr'>cum</span> <span class='ocrx_word' id='word_1_157' title='bbox 912 2627 1052 2702; x_wconf 80' lang='lat' dir='ltr'>sanguine</span> <span class='ocrx_word' id='word_1_158' title='bbox 1066 2626 1170 2687; x_wconf 86' lang='lat' dir='ltr'>fundo.</span> 
     </span>
    </p>

    <p class='ocr_par' dir='ltr' id='par_1_24' title="bbox 214 2725 1036 2801">
     <span class='ocr_line' id='line_1_25' title="bbox 214 2725 1036 2801; baseline -0.006 -14"><span class='ocrx_word' id='word_1_159' title='bbox 214 2731 292 2787; x_wconf 92' lang='lat' dir='ltr'>Tum</span> <span class='ocrx_word' id='word_1_160' title='bbox 306 2745 368 2798; x_wconf 87' lang='lat' dir='ltr'>vos,</span> <span class='ocrx_word' id='word_1_161' title='bbox 383 2744 402 2784; x_wconf 94' lang='lat' dir='ltr'>o</span> <span class='ocrx_word' id='word_1_162' title='bbox 415 2726 504 2801; x_wconf 87' lang='lat' dir='ltr'>Tyrii,</span> <span class='ocrx_word' id='word_1_163' title='bbox 519 2726 639 2800; x_wconf 87' lang='lat' dir='ltr'>stirpem</span> <span class='ocrx_word' id='word_1_164' title='bbox 653 2736 683 2784; x_wconf 90' lang='lat' dir='ltr'>et</span> <span class='ocrx_word' id='word_1_165' title='bbox 697 2744 790 2801; x_wconf 87' lang='lat' dir='ltr'>genus</span> <span class='ocrx_word' id='word_1_166' title='bbox 804 2744 894 2783; x_wconf 90' lang='lat' dir='ltr'>omne</span> <span class='ocrx_word' id='word_1_167' title='bbox 908 2725 1036 2783; x_wconf 82' lang='lat' dir='ltr'>futurum</span> 
     </span>
    </p>

    <p class='ocr_par' dir='ltr' id='par_1_25' title="bbox 215 2822 935 2896">
     <span class='ocr_line' id='line_1_26' title="bbox 215 2822 935 2896; baseline -0.007 -11"><span class='ocrx_word' id='word_1_168' title='bbox 215 2834 348 2886; x_wconf 86' lang='lat' dir='ltr'>exercete</span> <span class='ocrx_word' id='word_1_169' title='bbox 364 2822 448 2893; x_wconf 90' lang='lat' dir='ltr'>odiis,</span> <span class='ocrx_word' id='word_1_170' title='bbox 464 2822 612 2896; x_wconf 89' lang='lat' dir='ltr'>cinerique</span> <span class='ocrx_word' id='word_1_171' title='bbox 627 2823 702 2881; x_wconf 92' lang='lat' dir='ltr'>haec</span> <span class='ocrx_word' id='word_1_172' title='bbox 716 2822 821 2880; x_wconf 89' lang='lat' dir='ltr'>mittite</span> <span class='ocrx_word' id='word_1_173' title='bbox 835 2832 935 2880; x_wconf 90' lang='lat' dir='ltr'>nostro</span> 
     </span>
    </p>

    <p class='ocr_par' dir='ltr' id='par_1_26' title="bbox 214 2919 1042 2996">
     <span class='ocr_line' id='line_1_27' title="bbox 214 2919 1042 2996; baseline -0.007 -13"><span class='ocrx_word' id='word_1_174' title='bbox 214 2942 343 2983; x_wconf 81' lang='lat' dir='ltr'>munera</span> <span class='ocrx_word' id='word_1_175' title='bbox 387 2920 490 2979; x_wconf 90' lang='lat' dir='ltr'>Nullus</span> <span class='ocrx_word' id='word_1_176' title='bbox 505 2938 588 2977; x_wconf 88' lang='lat' dir='ltr'>amor</span> <span class='ocrx_word' id='word_1_177' title='bbox 601 2919 725 2996; x_wconf 91' lang='lat' dir='ltr'>populis,</span> <span class='ocrx_word' id='word_1_178' title='bbox 739 2938 796 2978; x_wconf 90' lang='lat' dir='ltr'>nec</span> <span class='ocrx_word' id='word_1_179' title='bbox 811 2919 932 2978; x_wconf 81' lang='lat' dir='ltr'>foedera</span> <span class='ocrx_word' id='word_1_180' title='bbox 944 2927 1042 2978; x_wconf 86' lang='lat' dir='ltr'>sunto.</span> 
     </span>
    </p>

    <p class='ocr_par' dir='ltr' id='par_1_27' title="bbox 214 3018 863 3094">
     <span class='ocr_line' id='line_1_28' title="bbox 214 3018 863 3094; baseline -0.009 -13"><span class='ocrx_word' id='word_1_181' title='bbox 214 3022 352 3083; x_wconf 87' lang='lat' dir='ltr'>Exoriare</span> <span class='ocrx_word' id='word_1_182' title='bbox 367 3018 469 3094; x_wconf 88' lang='lat' dir='ltr'>aliquis</span> <span class='ocrx_word' id='word_1_183' title='bbox 483 3019 587 3076; x_wconf 90' lang='lat' dir='ltr'>nostris</span> <span class='ocrx_word' id='word_1_184' title='bbox 602 3036 639 3076; x_wconf 87' lang='lat' dir='ltr'>ex</span> <span class='ocrx_word' id='word_1_185' title='bbox 652 3018 765 3077; x_wconf 90' lang='lat' dir='ltr'>ossibus</span> <span class='ocrx_word' id='word_1_186' title='bbox 778 3018 863 3089; x_wconf 90' lang='lat' dir='ltr'>ultor,</span> 
     </span>
    </p>

    <p class='ocr_par' dir='ltr' id='par_1_28' title="bbox 213 3115 956 3196">
     <span class='ocr_line' id='line_1_29' title="bbox 213 3115 956 3196; baseline -0.007 -18"><span class='ocrx_word' id='word_1_187' title='bbox 213 3120 263 3196; x_wconf 93' lang='lat' dir='ltr'>qui</span> <span class='ocrx_word' id='word_1_188' title='bbox 277 3117 341 3177; x_wconf 90' lang='lat' dir='ltr'>face</span> <span class='ocrx_word' id='word_1_189' title='bbox 357 3116 524 3176; x_wconf 86' lang='lat' dir='ltr'>Dardanios</span> <span class='ocrx_word' id='word_1_190' title='bbox 538 3118 672 3192; x_wconf 82' lang='lat' dir='ltr'>ferroque</span> <span class='ocrx_word' id='word_1_191' title='bbox 687 3134 809 3191; x_wconf 88' lang='lat' dir='ltr'>sequare</span> <span class='ocrx_word' id='word_1_192' title='bbox 824 3115 956 3186; x_wconf 88' lang='lat' dir='ltr'>colonos,</span> 
     </span>
    </p>

    <p class='ocr_par' dir='ltr' id='par_1_29' title="bbox 213 3213 1021 3290">
     <span class='ocr_line' id='line_1_30' title="bbox 213 3213 1021 3290; baseline -0.007 -14"><span class='ocrx_word' id='word_1_193' title='bbox 213 3235 303 3289; x_wconf 91' lang='lat' dir='ltr'>nunc,</span> <span class='ocrx_word' id='word_1_194' title='bbox 318 3217 397 3287; x_wconf 92' lang='lat' dir='ltr'>olim,</span> <span class='ocrx_word' id='word_1_195' title='bbox 414 3233 601 3290; x_wconf 92' lang='lat' dir='ltr'>quocumque</span> <span class='ocrx_word' id='word_1_196' title='bbox 617 3213 730 3272; x_wconf 89' lang='lat' dir='ltr'>dabunt</span> <span class='ocrx_word' id='word_1_197' title='bbox 743 3232 775 3271; x_wconf 90' lang='lat' dir='ltr'>se</span> <span class='ocrx_word' id='word_1_198' title='bbox 790 3223 923 3289; x_wconf 90' lang='lat' dir='ltr'>tempore</span> <span class='ocrx_word' id='word_1_199' title='bbox 937 3213 1021 3271; x_wconf 88' lang='lat' dir='ltr'>vires.</span> 
     </span>
    </p>

    <p class='ocr_par' dir='ltr' id='par_1_30' title="bbox 215 3310 885 3383">
     <span class='ocr_line' id='line_1_31' title="bbox 215 3310 885 3383; baseline -0.009 -9"><span class='ocrx_word' id='word_1_200' title='bbox 215 3316 313 3375; x_wconf 87' lang='lat' dir='ltr'>Litora</span> <span class='ocrx_word' id='word_1_201' title='bbox 327 3313 457 3372; x_wconf 90' lang='lat' dir='ltr'>litoribus</span> <span class='ocrx_word' id='word_1_202' title='bbox 472 3312 625 3383; x_wconf 88' lang='lat' dir='ltr'>contraria,</span> <span class='ocrx_word' id='word_1_203' title='bbox 641 3311 776 3369; x_wconf 89' lang='lat' dir='ltr'>fluctibus</span> <span class='ocrx_word' id='word_1_204' title='bbox 791 3310 885 3369; x_wconf 90' lang='lat' dir='ltr'>undas</span> 
     </span>
    </p>

    <p class='ocr_par' dir='ltr' id='par_1_31' title="bbox 212 3408 1087 3490">
     <span class='ocr_line' id='line_1_32' title="bbox 212 3408 1087 3490; baseline -0.01 -17"><span class='ocrx_word' id='word_1_205' title='bbox 212 3414 369 3490; x_wconf 88' lang='lat' dir='ltr'>imprecor,</span> <span class='ocrx_word' id='word_1_206' title='bbox 384 3429 467 3469; x_wconf 87' lang='lat' dir='ltr'>arma</span> <span class='ocrx_word' id='word_1_207' title='bbox 481 3411 588 3483; x_wconf 87' lang='lat' dir='ltr'>armis;</span> <span class='ocrx_word' id='word_1_208' title='bbox 610 3418 743 3485; x_wconf 86' lang='lat' dir='ltr'>pugnent</span> <span class='ocrx_word' id='word_1_209' title='bbox 758 3408 871 3484; x_wconf 89' lang='lat' dir='ltr'>ipsique</span> <span class='ocrx_word' id='word_1_210' title='bbox 885 3408 1087 3484; x_wconf 65' lang='lat' dir='ltr'>nepotesque!</span> 
     </span>
    </p>

    <p class='ocr_par' dir='ltr' id='par_1_32' title="bbox 166 3504 1269 3683">
     <span class='ocr_line' id='line_1_33' title="bbox 166 3504 1269 3583; baseline -0.009 -13"><span class='ocrx_word' id='word_1_211' title='bbox 166 3520 174 3527; x_wconf 87' lang='grc'><strong>“</strong></span> <span class='ocrx_word' id='word_1_212' title='bbox 234 3510 406 3580; x_wconf 76' lang='lat' dir='ltr'>‘Haec-ait,</span> <span class='ocrx_word' id='word_1_213' title='bbox 422 3517 451 3566; x_wconf 92' lang='lat' dir='ltr'>et</span> <span class='ocrx_word' id='word_1_214' title='bbox 466 3508 555 3583; x_wconf 87' lang='lat' dir='ltr'>partis</span> <span class='ocrx_word' id='word_1_215' title='bbox 570 3508 700 3566; x_wconf 86' lang='lat' dir='ltr'>animum</span> <span class='ocrx_word' id='word_1_216' title='bbox 714 3505 847 3564; x_wconf 88' lang='lat' dir='ltr'>versabat</span> <span class='ocrx_word' id='word_1_217' title='bbox 860 3506 890 3563; x_wconf 93' lang='lat' dir='ltr'>in</span> <span class='ocrx_word' id='word_1_218' title='bbox 905 3504 1009 3576; x_wconf 89' lang='lat' dir='ltr'>omnis,</span> <span class='ocrx_word' id='word_1_219' title='bbox 1224 3504 1269 3561; x_wconf 75' lang='lat'>⁶3⁰</span> 
     </span>
     <span class='ocr_line' id='line_1_34' title="bbox 213 3602 1045 3683; baseline -0.01 -14"><span class='ocrx_word' id='word_1_220' title='bbox 213 3610 336 3669; x_wconf 90' lang='lat' dir='ltr'>invisam</span> <span class='ocrx_word' id='word_1_221' title='bbox 350 3624 494 3683; x_wconf 89' lang='lat' dir='ltr'>quaerens</span> <span class='ocrx_word' id='word_1_222' title='bbox 509 3622 598 3680; x_wconf 85' lang='lat' dir='ltr'>quarn</span> <span class='ocrx_word' id='word_1_223' title='bbox 612 3605 739 3681; x_wconf 91' lang='lat' dir='ltr'>primum</span> <span class='ocrx_word' id='word_1_224' title='bbox 751 3603 924 3677; x_wconf 89' lang='lat' dir='ltr'>abrumpere</span> <span class='ocrx_word' id='word_1_225' title='bbox 939 3602 1045 3661; x_wconf 89' lang='lat' dir='ltr'>lucem.</span> 
     </span>
    </p>
   </div>
   <div class='ocr_carea' id='block_1_3' title="bbox 213 3699 1005 3872">
    <p class='ocr_par' dir='ltr' id='par_1_33' title="bbox 213 3699 1005 3872">
     <span class='ocr_line' id='line_1_35' title="bbox 213 3699 986 3775; baseline -0.016 -8"><span class='ocrx_word' id='word_1_226' title='bbox 213 3710 292 3766; x_wconf 82' lang='lat' dir='ltr'>Tum</span> <span class='ocrx_word' id='word_1_227' title='bbox 306 3706 431 3766; x_wconf 86' lang='lat' dir='ltr'>breviter</span> <span class='ocrx_word' id='word_1_228' title='bbox 445 3704 558 3761; x_wconf 85' lang='lat' dir='ltr'>Barcen</span> <span class='ocrx_word' id='word_1_229' title='bbox 573 3702 716 3760; x_wconf 86' lang='lat' dir='ltr'>nutricem</span> <span class='ocrx_word' id='word_1_230' title='bbox 731 3700 830 3758; x_wconf 84' lang='lat' dir='ltr'>adfata</span> <span class='ocrx_word' id='word_1_231' title='bbox 843 3699 986 3775; x_wconf 81' lang='lat' dir='ltr'>Sychaei3</span> 
     </span>
     <span class='ocr_line' id='line_1_36' title="bbox 215 3790 1005 3872; baseline -0.009 -16"><span class='ocrx_word' id='word_1_232' title='bbox 215 3814 343 3872; x_wconf 90' lang='lat' dir='ltr'>namque</span> <span class='ocrx_word' id='word_1_233' title='bbox 359 3813 442 3855; x_wconf 88' lang='lat' dir='ltr'>suam</span> <span class='ocrx_word' id='word_1_234' title='bbox 456 3794 549 3870; x_wconf 86' lang='lat' dir='ltr'>patria</span> <span class='ocrx_word' id='word_1_235' title='bbox 562 3792 682 3866; x_wconf 87' lang='lat' dir='ltr'>antiqua</span> <span class='ocrx_word' id='word_1_236' title='bbox 695 3791 769 3848; x_wconf 90' lang='lat' dir='ltr'>ciuis</span> <span class='ocrx_word' id='word_1_237' title='bbox 783 3801 845 3848; x_wconf 86' lang='lat' dir='ltr'>ater</span> <span class='ocrx_word' id='word_1_238' title='bbox 858 3790 1005 3849; x_wconf 82' lang='lat' dir='ltr'>habebat:</span> 
     </span>
    </p>
   </div>
   <div class='ocr_carea' id='block_1_4' title="bbox 0 0 1428 4292">
    <p class='ocr_par' dir='ltr' id='par_1_34' title="bbox 0 0 1428 4292">
     <span class='ocr_line' id='line_1_37' title="bbox 0 0 1428 4292; baseline 0 0"><span class='ocrx_word' id='word_1_239' title='bbox 0 0 1428 4292; x_wconf 95' lang='lat' dir='ltr'> </span> 
     </span>
    </p>
   </div>
  </div>
 </body>
</html>
