2834 4292
153 297 176 350 1.
191 295 263 364 253]
447 288 554 354 Venus
576 289 721 372 Appeals
744 299 775 352 to
786 286 932 371 Jupiter.

156 473 318 557 Praecipue
332 473 398 549 pius
412 474 527 531 Aeneas
541 491 621 531 nunc
635 472 709 531 acris
723 473 838 548 Oronti,

154 589 236 629 nunc
251 571 356 646 Amyci
370 588 471 652 casum
484 571 576 645 gemit
591 579 620 627 et
634 569 766 628 crudelia
778 588 880 628 secum

155 669 215 726 fata
228 668 310 744 Lyci,
326 668 490 743 sortemque
505 669 599 742 Gyan,
615 667 779 742 sortemque
794 667 982 727 Cloanthum.

120 761 155 776 ‘'
197 767 237 823 Et
251 765 310 822 iam
323 765 388 822 finis
403 773 472 836 erat,
487 783 557 822 cum
572 765 704 839 Iuppiter
718 765 836 822 aethere
850 784 967 824 summo

155 861 324 937 despiciens
339 879 418 919 mare
431 861 587 919 velivolum
601 871 750 936 terrasque
764 862 887 921 iacentis

154 960 298 1034 litoraque
313 969 342 1016 et
356 958 429 1017 latos
443 959 578 1034 populos,
594 959 635 1016 sic
648 959 757 1017 vertice
771 960 846 1018 caeli

155 1057 296 1127 constitit,
311 1065 341 1113 et
356 1057 464 1132 Libyae
480 1056 581 1114 defixit
594 1056 704 1114 lumina
716 1057 823 1132 regnis.

155 1158 253 1229 Atque
268 1155 348 1212 illum
362 1155 424 1212 talis
440 1155 595 1212 iactantem
610 1163 731 1228 pectore
747 1172 831 1212 curas

155 1252 264 1310 tristior
277 1261 307 1308 et
320 1250 445 1309 lacrimis
460 1251 561 1308 oculos
575 1250 682 1309 suffusa
696 1251 815 1309 nitentis

155 1349 324 1423 adloquitur
337 1350 457 1407 Venus:
480 1349 528 1407 ‘O
542 1349 593 1423 qui
606 1366 652 1406 res
666 1347 878 1424 hominumque
891 1347 1041 1426 deumque

91 1521 94 1528 ,
156 1447 282 1506 aeternis
297 1447 371 1521 regis
385 1447 523 1521 imperiis,
539 1455 568 1504 et
582 1445 702 1504 fulmine
717 1455 815 1516 terres,

155 1543 230 1620 quid
244 1563 327 1603 meus
341 1548 456 1603 Aeneas
471 1545 501 1602 in
515 1553 545 1629 te
559 1543 742 1601 committere
755 1552 879 1615 tantum,

156 1641 231 1718 quid
244 1644 336 1701 Troes
352 1653 483 1719 potuere,
499 1642 612 1717 quibus,
628 1650 673 1698 tot
686 1641 788 1718 lunera
800 1641 903 1715 passis,

155 1751 281 1800 cunctus
296 1742 336 1799 ob
351 1741 464 1798 ltaliam
475 1749 614 1797 terrarum
628 1736 773 1795 clauditur
785 1738 885 1795 orbis?

156 1841 246 1899 Certe
261 1839 330 1896 hinc
344 1840 496 1896 Romanos
510 1837 589 1907 olim,
603 1835 787 1893 volventibus
800 1835 892 1905 annis,

155 1939 227 1997 hinc
241 1938 303 1994 sore
319 1935 465 2005 ductores,
479 1943 616 2000 revocato
631 1950 648 1989 a
662 1931 802 2006 sanguine
816 1932 934 2003 Teucri,

155 2037 208 2112 qui
222 2053 312 2105 mare,
327 2033 377 2109 qui
391 2042 479 2091 terras
494 2031 576 2089 omni
590 2029 708 2087 dicione
723 2038 866 2100 tenerent,

155 2133 313 2209 pollicitus,
328 2148 403 2207 quae
417 2139 456 2200 te,
472 2128 593 2204 genitor,
609 2126 754 2185 sententia
766 2126 871 2184 vertit?

155 2233 228 2289 Hoc
234 2205 381 2305 'equidem
397 2245 535 2286 occasum
549 2225 655 2282 Troiae
669 2225 815 2298 tristisque
829 2224 927 2282 ruinas

156 2328 281 2398 solabar,
296 2326 360 2383 satis
375 2324 520 2382 contraria
536 2324 595 2381 iata
607 2321 797 2397 rependens,

154 2444 235 2483 nunc
251 2423 356 2481 eadem
370 2423 486 2481 fortuna
497 2421 574 2478 viros
588 2428 633 2478 tot
646 2419 762 2477 casibus
776 2427 858 2476 actos

154 2522 327 2596 insequitur.
370 2520 468 2593 Quem
482 2518 535 2576 das
549 2518 648 2588 finem,
663 2535 716 2574 rex
729 2533 844 2590 magne,
858 2515 1012 2576 laborum?

154 2624 289 2679 Antenor
302 2618 406 2695 potuit,
420 2617 525 2675 mediis
540 2617 654 2691 elapsus
668 2615 795 2685 Achivis,

155 2718 288 2794 Illyricos
304 2726 456 2792 penetrare
471 2715 559 2784 sinus,
575 2722 663 2787 atque
678 2712 781 2770 intima
793 2721 872 2770 tutus

155 2833 247 2890 regna
261 2815 465 2884 Liburnorum,
481 2821 510 2870 et
523 2811 635 2869 fontem
650 2826 786 2884 superare
799 2808 923 2880 Timavi,

155 2913 236 2970 unde
250 2919 304 2987 p'er
318 2929 370 2968 ora
382 2897 489 2968 novem
502 2917 585 2966 vasto
599 2925 668 2964 cum
683 2923 829 2964 murmure
842 2904 951 2963 montis

156 3011 178 3069 it
193 3027 273 3068 mare
287 3019 461 3084 proruptum
475 3017 505 3065 et
519 3006 623 3081 pelago
637 3003 743 3084 premit
757 3021 825 3060 arva
837 3003 964 3061 sonanti.

130 3083 219 3164 “iiic
233 3116 332 3164 tamen
347 3106 393 3164 ille
408 3105 510 3162 urbem
525 3101 623 3162 Patavi
637 3101 782 3175 sedesque
796 3100 904 3158 locavit

154 3206 347 3273 Teucrorum,
363 3212 392 3260 et
406 3201 487 3276 genti
500 3217 610 3258 nomen
625 3197 717 3269 dedit,
733 3215 870 3272 armaque
883 3196 946 3255 fixit

155 3302 264 3371 Troia3
285 3317 365 3356 nunc
380 3296 498 3373 placida
511 3303 682 3371 compostus
696 3312 772 3369 pace
786 3294 928 3369 quiescit:

123 3447 126 3455 .
155 3415 219 3468 nos,
234 3407 285 3455 tua
298 3381 462 3472 progenies,
478 3394 551 3452 caeli
565 3394 671 3468 quibus
686 3391 791 3450 adnuis
805 3409 914 3463 arcem,

155 3495 277 3554 navibus
297 3491 463 3570 (infandum
477 3491 499 3566 l)
518 3490 639 3560 amissis,
654 3490 739 3547 unius
754 3490 794 3546 ob
807 3489 880 3546 iram

127 3623 131 3634 ·
155 3591 307 3666 prodimur
320 3600 408 3664 atque
423 3589 502 3648 Italis
516 3589 603 3662 longe
619 3587 811 3661 disiungimur
824 3586 891 3643 oria.

120 3673 140 3762 f
157 3689 218 3746 Hic
231 3688 347 3763 pietatis
361 3686 477 3744 honos?
517 3686 564 3744 Sic
579 3702 634 3742 nos
647 3684 678 3741 in
693 3693 809 3758 sceptra
822 3682 979 3757 reponisl'

184 3815 361 3874 mdispicm
376 3814 405 3860 R.
462 3811 653 3859 maritimali.
710 3809 887 3870 mollicies.
902 3810 932 3856 R.
988 3807 1131 3855 flumme.
1148 3810 1177 3857 R.
