2834 4292
214 285 258 349 68
544 304 579 353 11.
607 286 639 351 T
633 286 674 351 Ire
695 287 775 351 Fall
793 290 834 371 of
855 288 945 372 Troy.
1150 300 1280 365 [AEnrm.

258 471 310 531 Ille
324 471 404 544 nihil,
419 488 476 530 nec
491 490 539 531 me
547 482 745 548 quaerentem
758 491 836 531 vana
849 484 986 546 moratur,

217 568 275 635 sed,
284 570 409 644 graviter
421 568 548 644 gemitus
563 570 625 627 imo
640 569 678 627 de
692 582 813 645 pectore
827 570 949 642 ducens,

217 668 307 725 ‘Heu
321 666 398 742 luge,
413 677 480 723 nate
496 664 562 735 dea,
579 676 666 741 teque
680 666 734 738 his,
750 668 800 738 ait,
814 669 895 743 eripe
909 668 1043 728 flammis.

217 764 320 822 Hostis
335 764 424 823 habet
438 781 555 835 muros3
577 763 633 843 rqit
646 763 704 821 alto
719 782 738 821 a
750 764 878 822 culmine
893 766 991 823 Troia

217 863 265 921 Sat
279 863 389 938 patriae
405 862 579 935 Priamoque
594 861 715 919 datum:
738 862 764 919 si
779 863 922 938 Pergama
936 864 1041 922 dextra

217 959 337 1018 defendi
351 969 481 1036 possent,
498 959 585 1016 etiarn
598 958 654 1015 hac
669 951 796 1017 defensa
806 959 936 1019 luissent.

217 1058 306 1117 Sacra
320 1056 513 1131 suosque·tibi
526 1056 721 1113 commendat
734 1057 825 1114 Troia
838 1060 973 1133 penatis:

217 1155 272 1213 hos
286 1172 361 1229 cape
376 1154 502 1213 latorum
517 1155 651 1225 comites,
666 1154 712 1213 his
727 1156 845 1213 moenia
859 1175 968 1231 quaere

217 1272 333 1327 magna,
347 1262 496 1327 pererrato
511 1261 620 1311 statues
634 1270 711 1326 quae
726 1252 855 1327 denique
870 1256 984 1330 ponto!

219 1350 266 1407 Sic
281 1349 329 1420 ait,
345 1359 375 1407 et
389 1348 524 1407 manibus
538 1348 621 1407 vittas
635 1350 813 1423 Vestamque
829 1361 982 1426 potentem

218 1457 427 1527 aeternumque
442 1446 534 1521 adytis
549 1446 630 1503 effert
644 1447 841 1521 penetralibus
856 1448 964 1523 ignem.

260 1544 383 1601 Diverso
397 1544 507 1600 interea
521 1543 679 1623 miscentur
692 1545 811 1601 moenia
824 1545 914 1616 luctu,

219 1651 249 1699 et
263 1639 356 1715 magis
371 1649 458 1714 atque
472 1640 573 1714 magis,
588 1658 767 1715 quamquam
781 1652 894 1698 secreta
907 1642 1036 1717 parentis

219 1737 365 1795 Anchisae
380 1735 487 1794 domus
501 1736 708 1811 arboribusque
720 1737 841 1795 obtecta
853 1740 984 1809 recessit,

220 1834 384 1892 clarescunt
397 1834 519 1904 sonitus,
534 1851 740 1908 armorumque
754 1834 861 1910 ingruit
876 1836 986 1894 horror.

221 1932 361 1989 Excutior
374 1948 489 2002 somn0,
504 1938 535 1989 et
548 1931 654 1987 summi
669 1931 782 2007 fastigia
795 1934 867 1991 tecti
1028 1917 1031 1924 ’

221 2047 347 2086 ascensu
361 2045 477 2102 supero,
492 2038 579 2102 atque
594 2029 712 2086 arrectis
725 2029 842 2087 auribus
857 2029 961 2089 adsto:

220 2126 250 2183 in
265 2134 395 2201 segetem
407 2125 496 2183 veluti
510 2142 579 2182 cum
593 2124 711 2183 flamma
725 2126 886 2185 furentibus
901 2128 1003 2186 austris

220 2222 332 2293 incidit,
347 2230 397 2279 aut
410 2220 529 2297 rapidus
544 2231 685 2279 montano
700 2222 819 2281 flumine
833 2232 945 2282 torrens

221 2320 321 2377 sternit
335 2336 428 2394 agros,
444 2319 545 2376 sternit
559 2328 621 2377 sata
634 2319 712 2377 laeta
725 2320 875 2395 boumque
889 2322 1013 2393 labores,

220 2416 445 2491 praecipitisque
459 2415 546 2473 trahit
560 2416 655 2487 silvas,
671 2425 769 2492 stupet
782 2418 890 2476 inscius
903 2419 963 2476 alto

222 2512 370 2587 accipiens
384 2512 512 2569 sonitum
526 2512 588 2571 saxi
603 2513 641 2570 de
655 2513 764 2571 vertice
778 2528 885 2589 pastor.

221 2612 298 2667 Tum
312 2628 381 2666 vero
396 2610 548 2667 manifesta
561 2609 644 2680 fides,
662 2611 857 2687 Danaumque
872 2621 1027 2688 patescunt

222 2699 352 2759 insidiae.
396 2701 460 2757 Iam
476 2700 626 2775 Deiphobi
640 2699 724 2758 dedit
737 2703 836 2776 ampla
848 2704 962 2761 ruinam

221 2797 354 2856 Volcano
369 2807 524 2872 superante
539 2797 665 2871 domus;
686 2799 746 2857 iarn
759 2817 917 2874 proxumus
932 2799 1017 2858 ardet

222 2896 374 2971 Ucalegon
386 2914 394 2967 ;
416 2895 501 2970 Sigea
514 2895 574 2971 igni
588 2896 662 2953 freta
675 2896 734 2953 lata
747 2898 887 2956 relucent.

224 2992 359 3051 Exoritur
373 2991 541 3068 clamorque
556 2992 649 3051 virum
664 2993 843 3068 clangorque
857 2994 1002 3052 tubarum.

223 3092 312 3147 Arma
326 3108 427 3148 amens
442 3090 547 3165 capi03
569 3109 625 3148 nec
640 3100 687 3149 sat
700 3090 819 3149 rationis
834 3091 863 3148 in
878 3092 974 3162 armis,

223 3186 277 3247 sed
291 3188 451 3262 glomerare
466 3207 585 3247 manum
599 3188 677 3246 bello
692 3198 722 3246 et
735 3206 909 3247 concurrere
923 3188 954 3246 in
968 3207 1067 3247 arcem

224 3304 292 3344 curn
306 3286 393 3343 sociis
408 3284 510 3343 ardent
525 3286 632 3358 animi3
655 3286 734 3343 luror
749 3286 848 3360 iraque
863 3296 995 3343 mentem

223 3383 425 3469 praecipitant,
439 3383 650 3457 pulchmmque
665 3383 741 3440 mori
755 3383 895 3441 succurrit
908 3382 939 3440 in
953 3383 1050 3443 armis.

266 3482 346 3538 Ecce
361 3489 459 3538 autem
473 3480 536 3538 telis
552 3480 680 3537 Panthus
695 3480 811 3553 elapsus
825 3480 977 3551 Achivom,

225 3577 354 3636 Panthus
369 3566 557 3667 Ofthmades,
573 3577 646 3635 arcis
662 3576 832 3652 Phoebique
847 3575 994 3647 sacerdos,
1009 3591 1012 3599 ·

224 3692 308 3733 sacra
322 3691 410 3731 manu
424 3674 577 3749 victosque
592 3672 665 3733 deos
679 3692 859 3749 parvumque
874 3683 1015 3749 nepotem

427 3800 462 3836 ⁸⁰⁰
472 3802 559 3851 bovone.
574 3802 603 3851 R.
830 3802 1028 3861 ³11ecsuperante.
1049 3800 1078 3847 R.
