2834 4292
110 329 145 376 v.
161 327 236 393 7²9·]
425 318 490 380 Tae
510 318 640 381 Flumes
662 340 721 382 are
744 320 876 403 Staycd.
1118 342 1180 405 149

110 502 254 563 turbidus
268 502 364 561 imber
376 521 454 578 aqua
467 502 625 578 densisque
640 504 811 579 nigerrimus
825 506 927 563 austris
938 527 947 578 ς

111 601 338 675 implenturque
353 618 439 675 super
453 618 588 677 puppes;
609 602 749 659 semiusta
762 601 937 661 madescunt

110 697 248 769 robora;
269 697 423 755 restinctus
438 697 535 755 donec
549 715 640 772 vapor
654 699 760 768 omnis,
776 708 806 756 et
819 716 933 770 omnes,

111 804 261 868 quattuor
273 794 395 865 amissis,
410 804 539 852 servatae
553 812 571 851 a
585 804 668 869 peste
683 795 809 853 carinae.

156 894 200 949 At
214 900 299 966 pater
312 893 436 962 Aeneas,
452 909 523 949 casu
539 908 701 949 concussus
716 893 834 963 acerbo,

111 1007 201 1047 nunc
216 988 275 1046 huc
289 988 432 1063 ingentes,
447 1007 526 1047 nunc
541 988 607 1047 illuc
624 1000 745 1063 pectore
759 1008 843 1047 curas

111 1087 254 1145 mutabat
267 1104 394 1157 versans,
411 1086 551 1143 Siculisne
566 1085 706 1144 resideret
720 1087 804 1158 arvis,

112 1185 229 1243 oblitus
243 1182 378 1253 fatorum,
394 1184 519 1241 Italasne
535 1193 701 1257 capesseret
715 1202 791 1242 oras.

111 1284 197 1339 Tum
214 1282 311 1339 senior
325 1281 448 1351 Nautes,
464 1298 556 1337 unum
568 1281 701 1339 Tritonia
715 1280 808 1339 Pallas

112 1398 211 1455 quem
226 1377 336 1449 docuit,
351 1378 500 1452 multaque
515 1377 659 1453 insignem
673 1378 803 1437 reddidit
816 1388 887 1452 arte,

113 1477 195 1534 haec
209 1492 352 1550 responsa
365 1474 464 1545 dabat,
478 1474 524 1532 vel
539 1492 614 1549 quae
629 1475 819 1551 portenderet
833 1477 876 1534 ira

114 1591 229 1649 magna
242 1572 341 1643 deum,
357 1572 404 1629 vel
417 1590 493 1646 quae
508 1573 633 1631 latorum
650 1584 789 1647 posceret
802 1573 896 1645 ordo;

114 1672 204 1745 isque
219 1669 263 1727 his
278 1671 400 1726 Aenean
415 1669 522 1725 solatus
537 1670 659 1729 vocibus
675 1672 757 1727 lnfitz

158 1774 167 1799 ⁴
181 1770 261 1827 Nate
276 1767 341 1837 dea,
356 1785 416 1841 quo
430 1767 489 1824 lata
501 1766 619 1824 trahunt
633 1768 852 1843 retrahuntque,
867 1786 1026 1843 sequamur
1033 1791 1044 1843 ;

115 1864 268 1941 quidquid
282 1865 343 1936 erit,
359 1862 526 1939 superanda
539 1864 635 1921 omnis
650 1865 765 1922 fortuna
779 1864 902 1923 ferendo
917 1876 970 1924 est.

117 1964 173 2020 Est
187 1961 243 2019 tibi
259 1960 424 2019 Dardanius
439 1959 555 2018 divinae
570 1961 665 2035 stirpis
679 1963 819 2019 Acestes:

116 2060 201 2118 hunc
218 2076 292 2134 cape
307 2058 434 2115 consiliis
449 2058 564 2115 socium
578 2067 608 2115 et
622 2058 769 2133 coniunge
783 2058 951 2132 volentem

117 2158 189 2215 huic
204 2154 297 2227 trade,
313 2155 423 2213 amissis
438 2165 576 2229 superant
589 2155 640 2229 qui
654 2154 786 2225 navibus,
800 2166 831 2213 et
845 2175 920 2231 quos

117 2265 289 2330 pertaesum
303 2252 401 2327 magni
416 2252 526 2326 incepti
540 2270 696 2327 rerumque
711 2264 825 2310 tuarum
841 2262 904 2325 est,

116 2352 338 2427 longaevosque
353 2367 437 2407 senes
451 2366 487 2405 ac
501 2333 593 2407 fessas
604 2366 733 2424 aequore
747 2360 862 2422 matres,

119 2458 149 2507 et
162 2444 311 2523 quidquid
324 2455 424 2504 tecum
438 2444 597 2503 invalidum
612 2455 804 2521 metuensque
819 2446 921 2521 pericli
934 2457 988 2520 est,

119 2545 229 2621 delige,
244 2554 274 2603 et
288 2544 332 2601 his
347 2543 473 2601 habeant
486 2544 568 2600 terris
582 2543 645 2601 sine
660 2545 779 2601 moenia
792 2545 878 2603 fessi:

119 2644 225 2701 urbem
239 2640 429 2717 appellabunt
442 2640 584 2715 permisso
599 2641 721 2698 nomine
736 2642 895 2699 Acestam)

159 2740 281 2798 Talibus
296 2739 432 2795 incensus
447 2736 533 2795 dictis
548 2738 671 2795 senioris
685 2737 784 2808 amici,

120 2846 182 2895 tum
197 2854 268 2894 vero
282 2836 313 2893 in
327 2853 411 2892 curas
428 2834 527 2891 animo
544 2832 693 2891 diducitur
706 2852 821 2893 omnes.

122 2929 161 2986 Et
174 2946 237 2985 nox
250 2936 311 2984 atra
324 2924 425 3000 polum
439 2924 513 2999 bigis
528 2924 667 2982 subvecta
679 2925 819 2984 tenebat:

122 3025 183 3083 visa
196 3023 306 3082 dehinc
321 3022 405 3080 caelo
418 3021 508 3079 facies
524 3021 644 3096 delapsa
658 3022 787 3097 parentis

122 3122 270 3179 Anchisae
284 3119 381 3178 subito
395 3119 466 3176 tales
481 3118 630 3177 effundere
644 3136 752 3177 voces:

124 3220 230 3290 ‘Nate‚
243 3215 315 3277 mihi
328 3217 388 3274 vita
401 3214 561 3291 quondam,
577 3215 648 3275 dum
662 3216 721 3273 vita
734 3216 882 3290 manebat,

125 3332 189 3374 care
205 3314 306 3389 magis,
321 3321 399 3384 nate,
415 3313 511 3371 Iliacis
526 3313 652 3371 exercite
667 3314 741 3385 satis,

124 3411 246 3489 imperio
262 3410 339 3469 Iovis
353 3410 412 3468 huc
426 3409 523 3482 venio,
538 3411 589 3485 qui
604 3411 744 3469 classibus
758 3411 857 3487 ignem

126 3508 243 3587 depulit,
259 3517 289 3567 et
304 3508 387 3566 caelo
400 3506 521 3566 tandem
536 3508 686 3567 miseratus
700 3510 740 3568 ab
753 3509 812 3566 alto
827 3519 879 3569 est.

122 3586 258 3666 'Consiliis
273 3620 352 3683 pare,
368 3623 444 3681 quae
457 3625 538 3664 nunc
552 3606 748 3682 pulcherrima
762 3608 875 3667 Nautes

127 3702 175 3763 dat
188 3705 303 3777 senior3
325 3703 418 3773 lectos
432 3703 560 3773 iuvenes,
575 3703 731 3763 fortissima
744 3703 844 3775 corda,

353 3832 504 3879 wsmusta.
521 3832 548 3882 R.
808 3833 841 3868 ⁷⁰⁶
850 3835 902 3881 hac.
918 3834 947 3882 R.
