2834 4292
254 274 315 337 160
574 296 620 345 vr.
651 279 718 343 The
739 280 860 345 Lower
880 282 995 345 World.
1180 290 1285 353 [ΙΙΞΝΕΠλ

249 454 317 513 Duc
331 454 425 531 nigras
440 452 571 531 pecudes
582 474 591 529 ;
612 472 648 513 ea
661 454 755 531 prima
768 456 884 532 piacula
896 465 1001 515 sunto:

248 551 290 609 sic
304 550 425 611 demum
439 551 521 609 lucos
535 551 628 627 Stygis
642 560 671 609 et
685 570 775 629 regna
788 553 866 611 invia
877 552 948 609 vivis

247 647 392 723 aspicies)
434 648 523 719 Dixit,
538 664 697 723 pressoque
712 649 857 708 obmutuit
871 667 930 707 ore.

287 746 404 803 Aeneas
417 754 530 805 maesto
544 743 657 803 defixus
670 745 781 803 lumina
792 746 873 804 voltu

247 840 415 917 ingreditur,
430 842 564 917 linquens
578 852 701 913 antrum,
717 861 881 918 caecosque
894 842 1007 903 volutat

237 932 369 996 'eventus
383 938 482 996 animo
496 955 606 997 secum.
649 938 705 999 Cui
719 939 795 997 fidus
809 939 935 999 Achates

247 1035 269 1095 it
283 1053 393 1107 comes,
409 1044 438 1093 et
452 1034 569 1111 paribus
583 1036 658 1093 curis
672 1037 793 1112 vestigia
804 1037 874 1112 figit.

248 1132 343 1191 Multa
357 1132 432 1191 inter
446 1149 510 1191 sese
523 1132 603 1195 vario
618 1150 753 1191 sermone
768 1134 912 1205 serebant,
1245 1131 1282 1175 ¹⁶0

247 1248 337 1305 quem
351 1229 464 1287 socium
480 1230 643 1287 exanimem
657 1240 747 1302 vates,
762 1229 844 1305 quod
859 1247 965 1305 corpus
979 1229 1160 1289 humandum

247 1325 368 1386 diceret.
409 1328 505 1402 Atque
520 1326 560 1385 illi
574 1326 724 1387 Misenum
738 1327 767 1385 in
788 1327 871 1385 litore
885 1327 975 1398 sicco,

247 1434 280 1484 ut
292 1442 407 1495 venere,
422 1423 522 1483 vident
536 1424 657 1500 indigna
669 1434 763 1483 morte
782 1434 975 1501 peremptum,

248 1522 396 1581 Misenum
410 1521 563 1592 Aeoliden,
578 1540 638 1597 quo
652 1540 714 1579 non
728 1522 921 1596 praestantior
932 1522 1004 1578 alter

248 1638 314 1679 aere
330 1620 406 1678 ciere
420 1619 505 1690 viros,
520 1620 705 1693 Martemque
720 1617 884 1675 accendere
899 1629 997 1676 cantu.

248 1718 388 1777 Hectoris
402 1716 449 1775 hic
464 1717 562 1791 magni
576 1716 668 1773 fuerat
682 1734 793 1787 comes,
809 1716 942 1772 Hectora
955 1715 1065 1774 circum

248 1825 277 1874 et
290 1815 363 1874 lituo
377 1832 489 1890 pugnas
503 1814 622 1889 insignis
637 1814 737 1871 obibat
752 1823 781 1872 et
795 1813 894 1871 hasta:

247 1922 401 1990 postquam
417 1912 496 1969 illurn
510 1912 569 1968 vita
582 1912 676 1969 victor
688 1910 821 1986 spoliavit
831 1910 968 1984 Achilles,

247 2009 398 2069 Dardanio
411 2010 530 2067 Aeneae
541 2026 605 2066 sese
620 2008 790 2066 fortissimus
804 2007 890 2067 heros

246 2105 399 2166 addiderat
413 2106 536 2177 socium,
550 2123 611 2163 non
625 2105 761 2163 inferiora
773 2115 899 2163 secutus.

247 2204 305 2264 Sed
320 2215 392 2276 tum,
407 2204 480 2262 forte
494 2221 566 2260 cava
579 2202 651 2260 dum
664 2213 802 2277 personat
816 2221 944 2278 aequora
957 2203 1081 2277 concha,

247 2300 379 2373 demens,
394 2310 424 2359 et
438 2308 526 2357 cantu
540 2309 625 2358 vocat
639 2299 670 2357 in
685 2301 845 2357 certamina
859 2298 951 2371 divos,

247 2399 379 2458 aemulus
394 2406 550 2472 exceptum
563 2397 676 2467 Triton,
691 2398 716 2453 si
730 2396 849 2455 credere
864 2395 986 2473 dignum
1001 2407 1054 2469 est,

246 2498 322 2555 inter
335 2514 404 2554 saxa
417 2496 509 2553 virum
524 2512 661 2570 spumosa
675 2494 844 2552 inmerserat
858 2493 947 2553 unda

288 2595 367 2669 Ergo
381 2610 484 2650 omnes
497 2610 605 2667 magno
617 2592 727 2649 circum
742 2593 869 2649 clamore
883 2592 1054 2665 fremebant,

246 2691 404 2767 praecipue
418 2690 484 2765 pius
498 2691 622 2747 Aeneas.
662 2690 741 2747 Tum
756 2690 833 2747 iussa
843 2690 975 2763 Sibyllae,

246 2787 325 2846 haud
339 2804 429 2857 mora,
445 2786 581 2843 festinant
596 2786 707 2857 flentes,
723 2804 861 2861 aramque
875 2785 1020 2861 sepulchri

246 2903 404 2962 congerere
419 2884 569 2942 arboribus
585 2884 726 2959 caeloque
741 2883 868 2941 educere
884 2893 1005 2943 certant.

246 2986 309 3043 Itur
321 2983 352 3041 in
366 2982 515 3056 antiquam
529 2981 638 3052 silvam,
654 2980 767 3039 stabula
780 2981 836 3038 alta
850 2981 993 3055 serarum,

245 3080 442 3157 procumbunt
456 3078 567 3154 piceae,
583 3087 667 3136 sonat
681 3078 740 3135 icta
753 3078 903 3135 securibus
916 3078 982 3151 ilex,

244 3179 449 3252 fraxineaeque
463 3176 559 3233 trabes
573 3175 675 3233 cuneis
689 3184 719 3232 et
733 3175 819 3232 fissile
833 3176 922 3233 robur

244 3275 395 3347 scinditur,
410 3273 568 3332 advolvunt
581 3273 706 3349 ingentis
721 3273 869 3330 montibus
884 3290 980 3333 omos.

285 3374 351 3432 Nec
366 3391 427 3431 non
443 3374 557 3430 Aeneas
572 3388 663 3447 opera
677 3370 753 3427 inter
765 3371 834 3427 talia
847 3371 956 3445 primus

244 3472 374 3530 hortatur
388 3472 494 3542 socioS,
508 3470 684 3546 paribusque
700 3469 861 3543 accingitur
874 3469 970 3528 armis.

244 3572 340 3644 Atque
354 3568 428 3626 haec
443 3569 505 3642 ipse
520 3586 574 3627 suo
588 3566 660 3625 tristi
674 3585 743 3624 cum
758 3566 848 3625 corde
863 3567 982 3639 volutat,

243 3664 420 3743 adspectans
434 3664 536 3723 silvam
550 3665 723 3735 inmensam,
739 3663 825 3721 etsie
839 3681 912 3721 voce
928 3673 1080 3738 precatur:

417 3790 448 3825 1⁶⁴
460 3792 557 3848 Stygias.
572 3790 606 3837 Η.
909 3788 942 3823 177
951 3791 1079 3847 sepulchro.
1094 3792 1125 3840 R.
