2834 4292
115 304 241 373 V-4591]
466 290 574 357 Dares
595 290 668 357 and
685 287 849 387 Entellus.

113 492 147 540 et
163 480 285 558 paribus
299 480 411 557 palmas
426 479 577 538 ambomm
591 476 724 537 innexuit
736 476 833 536 armis.

113 579 263 639 Constitit
277 578 307 636 in
322 578 429 653 digitos
444 573 592 651 extemplo
607 586 735 633 arrectus
748 584 880 649 uterque,

112 676 303 751 brachiaque
318 675 357 733 ad
371 690 492 750 superas
507 674 650 732 interritus
664 670 766 730 extulit
778 687 871 729 auras.

111 748 281 832 Abduxere
295 783 373 830 retro
386 772 472 847 longe
487 772 584 846 capita
598 767 688 827 ardua
702 769 740 827 ab
753 768 824 838 ictu,

111 870 349 945 immiscentque
363 886 466 927 manus
481 868 625 939 manibus,
639 881 829 941 pugnamque
843 865 1000 921 lacessunt.

112 969 170 1025 Ille
187 964 303 1042 pedum
319 964 420 1025 melior
433 975 525 1035 motu,
541 964 689 1038 fretusque
704 964 840 1033 iuventa3

111 1065 164 1122 hic
181 1064 324 1123 membris
338 1073 367 1123 et
381 1063 458 1121 mole
472 1062 581 1133 valens,
595 1059 649 1119 sed
663 1058 747 1117 tarda
759 1054 897 1117 trementi
983 1102 1003 1163 g

111 1180 218 1237 genua
232 1162 339 1232 labant,
354 1171 449 1218 vastos
464 1160 557 1234 quatit
570 1174 658 1232 aeger
671 1156 815 1214 anhelitus
828 1163 916 1213 artus.

112 1259 217 1317 Multa
231 1259 283 1315 viri
296 1258 474 1332 nequiquam
489 1257 565 1313 inter
578 1274 609 1313 se
623 1255 744 1312 volnera
757 1254 875 1323 iactant,

112 1357 213 1414 multa
229 1374 301 1413 cavo
315 1355 395 1414 lateri
407 1354 597 1429 ingeminant,
613 1362 643 1410 et
655 1360 777 1426 pectore
790 1359 888 1408 vastos

111 1454 190 1511 dant
206 1453 328 1523 sonitus,
344 1463 476 1526 erratque
492 1452 566 1508 auris
582 1460 611 1507 et
626 1458 760 1523 tempora
773 1447 885 1505 circum

113 1552 226 1608 crebra
240 1566 351 1620 manus,
367 1548 442 1607 duro
456 1549 599 1622 crepitant
612 1547 667 1604 sub
680 1546 798 1603 volnere
813 1543 917 1602 malae.

155 1648 225 1706 Stat
238 1646 329 1721 gravis
345 1646 476 1704 Entellus
491 1646 614 1719 nisuque
628 1644 768 1701 immotus
781 1642 900 1714 eodem,

113 1762 244 1819 corpore
259 1744 316 1801 tela
330 1742 421 1802 modo
436 1752 524 1816 atque
538 1742 630 1799 oculis
643 1740 827 1815 vigilantibus
841 1740 910 1799 exit.

114 1843 180 1914 Ille,
195 1841 277 1898 velut
291 1841 399 1897 celsam
413 1848 565 1914 oppugnat
578 1837 628 1913 qui
642 1838 770 1896 molibus
783 1837 896 1909 urbem,

114 1949 165 1995 aut
180 1947 325 1995 montana
339 1936 424 1995 sedet
437 1937 548 1993 circum
561 1935 679 1993 castella
693 1936 748 1993 sub
761 1935 856 2007 armis

114 2053 196 2093 nunc
213 2035 277 2105 hoe,
292 2052 370 2091 nunc
386 2033 449 2091 illos
463 2032 568 2102 aditus,
582 2050 762 2106 omnemque
776 2050 905 2107 pererrat

115 2142 177 2189 arte
193 2133 303 2201 locum,
319 2140 348 2188 et
362 2130 445 2187 variis
459 2129 618 2187 adsultibus
633 2129 734 2186 inritus
748 2138 860 2204 urguet.

116 2227 259 2287 Ostendit
274 2227 406 2285 dextram
419 2228 570 2301 insurgens
586 2226 726 2297 Entellus
737 2236 768 2284 et
781 2227 839 2285 alte

116 2326 240 2383 extulit:
262 2324 308 2382 ille
323 2325 415 2383 ictum
428 2324 595 2381 venientem
609 2342 627 2381 a
640 2323 749 2381 vertice
762 2324 849 2383 velox

116 2421 271 2495 praevidit,
286 2422 432 2496 celerique
447 2421 561 2495 elapsus
575 2438 698 2496 corpore
714 2421 811 2480 cessit.

118 2520 253 2577 Entellus
267 2519 340 2575 vires
355 2518 385 2575 in
398 2526 517 2577 ventum
532 2517 643 2589 effudit,
658 2528 688 2577 et
701 2519 777 2577 ultro

117 2617 179 2690 ipse
194 2616 291 2691 gravis
304 2616 485 2690 graviterque
500 2614 538 2672 ad
551 2625 656 2673 terram
672 2615 804 2691 pondere
818 2626 901 2675 vasto

119 2712 261 2784 concidit,
275 2721 308 2771 ut
322 2712 473 2787 quondam
487 2730 560 2770 cava
573 2712 705 2772 concidit
719 2724 770 2773 aut
784 2714 976 2791 Erymantho,

119 2820 166 2867 aut
181 2809 240 2868 Ida
253 2810 283 2867 in
298 2827 413 2885 magna,
428 2808 574 2868 radicibus
590 2820 671 2869 eruta
685 2811 780 2886 pinus.

119 2906 306 2981 Consurgunt
320 2906 421 2964 studiis
435 2907 543 2965 Teucri
557 2916 587 2965 et
600 2909 752 2966 Trinacria
765 2909 878 2984 pubes;

119 3003 140 3059 it
153 3004 267 3061 clamor
280 3003 372 3074 caelo,
387 3004 555 3079 primusque
570 3006 695 3063 accurrit
708 3007 840 3077 Acestes,

120 3118 360 3176 aequaevumque
374 3099 412 3158 ab
426 3100 516 3159 humo
532 3102 672 3160 miserans
687 3103 791 3161 attollit
804 3103 943 3163 amicum.

121 3200 232 3256 Arnon
246 3196 375 3255 tardatus
390 3216 459 3255 casu
473 3216 569 3273 neque
584 3199 698 3258 territus
712 3200 798 3259 heros

92 3371 99 3383 ι
121 3296 213 3381 acrior
226 3293 265 3352 ad
280 3312 407 3369 pugnam
422 3294 506 3367 redit,
521 3313 557 3353 ac
570 3296 629 3354 vim
646 3297 766 3356 suscitat
779 3298 829 3358 ira.

100 3378 104 3385 ¹
121 3391 195 3449 Tum
211 3390 308 3467 pudor
322 3390 455 3449 incendit
468 3392 542 3450 vires
557 3402 587 3450 et
601 3394 721 3451 conscia
734 3396 831 3466 virtus,

122 3488 369 3563 praecipitemque
385 3490 485 3547 Daren
498 3488 604 3548 ardens
618 3492 677 3566 agit
691 3508 819 3566 aequore
833 3501 906 3566 toto,

124 3602 197 3643 nunc
212 3583 315 3642 dextra
328 3584 510 3660 ingeminans
523 3586 608 3658 ictuS,
622 3604 702 3645 nunc
716 3588 763 3645 ille
777 3588 909 3664 sinistra,

124 3698 176 3738 nec
188 3700 281 3752 mora,
298 3699 355 3738 nec
369 3682 503 3755 requies:
526 3700 614 3757 quam
629 3684 721 3741 multa
734 3685 875 3759 grandine
889 3687 981 3747 nimbi

126 3778 294 3839 culminibus
309 3778 460 3855 crepitant,
475 3779 518 3837 sic
532 3778 630 3839 densis
647 3781 753 3839 ictibus
766 3782 852 3845 heros
