2834 4292
249 300 307 365 142
655 300 714 385 .V·
741 281 855 366 Sicih'.

243 468 345 528 creber
359 476 478 544 utraque
494 486 583 528 manu
597 468 692 544 pulsat
706 478 859 544 versatque
873 471 992 529 Dareta.

281 568 358 624 Tum
373 576 455 641 pater
469 569 583 624 Aeneas
598 565 760 641 procedere
773 566 888 640 longius
901 566 956 624 iras

242 670 271 721 et
285 662 393 721 saevire
408 662 511 720 animis
527 662 673 720 Entellum
687 661 767 721 haud
781 680 883 737 passus
895 664 1009 722 acerbis
1017 682 1028 736 3

240 758 295 818 sed
308 759 398 817 finem
412 759 551 835 imposuit
565 776 689 834 pugnae,
705 759 872 834 sessumque
886 761 996 818 Dareta

240 857 353 931 eripuit,
369 857 500 913 mulcens
515 854 609 927 dictis,
625 874 660 913 ac
674 856 743 914 talia
758 856 849 915 latur:

240 954 371 1025 ‘Infelix
387 970 462 1028 quae
477 962 558 1011 tanta
570 953 700 1011 animum
715 953 864 1013 dementia
877 956 977 1031 cepit?

240 1051 310 1109 Non
325 1051 399 1109 vires
412 1050 481 1157 pias
496 1068 694 1125 conversaque
709 1052 830 1109 numina
844 1053 954 1111 sentis?

239 1146 322 1206 Cede
337 1146 431 1205 deo.'·
459 1147 598 1222 Dixitque
612 1158 642 1205 et
656 1148 767 1223 proelia
780 1167 854 1207 voce
868 1148 992 1207 diremit.

237 1246 290 1302 Ast
304 1245 383 1303 illum
398 1244 450 1302 lidi
464 1246 609 1319 aequales,
624 1262 720 1320 genua
733 1263 820 1320 aegra
832 1245 1005 1317 trahentem,

238 1342 453 1417 iactantemque
468 1351 591 1417 utroque
606 1352 702 1417 caput,
717 1360 905 1417 crassumque
919 1360 1054 1401 cruorem

237 1457 287 1497 ore
302 1440 476 1498 eiectantem
491 1440 654 1513 mixtosque
669 1440 699 1496 in
713 1440 853 1514 sanguine
868 1439 980 1511 dentes,

237 1536 351 1595 ducunt
365 1537 404 1595 ad
418 1555 506 1595 naves
519 1557 526 1607 ;
547 1537 718 1611 galeamque
733 1554 892 1612 ensemque
906 1537 1004 1595 vocati

236 1634 403 1709 accipiunt,
425 1634 554 1709 palmam
566 1633 682 1691 Entello
696 1643 869 1709 taummque
883 1635 1058 1709 relinquunt.

237 1732 298 1789 Hic
312 1733 413 1803 victor,
429 1749 568 1807 superans
582 1731 685 1789 animis
699 1740 841 1806 tauroque
855 1732 1014 1806 superbus:

277 1831 370 1888 ‘Nate
385 1829 450 1900 dea,
465 1846 575 1903 vosque
590 1828 681 1885 haee'
697 1829 791 1903 inquit
805 1829 1003 1903 ‘cognoscite,
1017 1828 1135 1901 Teucri,

235 1927 350 1987 etmihi
364 1945 440 2002 quae
454 1926 560 1985 fuerint
574 1926 698 1983 iuvenali
712 1926 742 1983 in
756 1943 879 2000 corpore
892 1925 976 1997 vires,

236 2033 265 2082 et
278 2042 337 2099 qua
351 2024 468 2082 servetis
482 2032 650 2081 revocatum
665 2041 683 2079 a
696 2033 790 2080 morte
806 2023 934 2081 Dareta’

235 2122 324 2193 Dixit,
340 2130 370 2180 et
383 2120 497 2179 adversi
512 2130 615 2178 contra
629 2120 708 2178 stetit
722 2138 773 2177 ora
787 2119 910 2190 iuvenci,

234 2219 284 2294 qui
298 2218 410 2277 donum
425 2218 559 2276 adstabat
574 2234 699 2293 pugnae,
715 2216 864 2291 durosque
877 2214 1001 2275 reducta

234 2316 346 2373 libravit
360 2314 462 2373 dextra
476 2314 574 2373 media
588 2315 662 2371 inter
675 2331 786 2372 cornua
799 2324 922 2385 caestus,

234 2412 350 2483 arduus,
366 2412 543 2487 effractoque
559 2412 645 2469 inlisit
660 2412 689 2471 in
703 2429 770 2469 ossa
784 2411 913 2470 cerebro.

234 2510 373 2568 Sternitur
387 2511 584 2584 exanimisque
598 2520 726 2567 tremens
741 2507 907 2583 procumbit
920 2508 1002 2567 humi
1015 2507 1079 2567 bos

234 2607 288 2664 Ille
303 2625 389 2682 super
402 2608 473 2665 tales
488 2606 610 2666 effundit
625 2616 745 2681 pectore
759 2622 866 2662 voces:

234 2704 344 2761 ‘Hanc
358 2704 419 2775 tibi,
435 2704 521 2779 Eryx,
537 2704 688 2761 meliorem
702 2702 830 2760 animam
844 2720 897 2777 pro
912 2710 1006 2760 morte
1020 2703 1137 2763 Daretis

233 2801 366 2876 persolvo
378 2821 387 2872 3
409 2800 457 2858 hic
470 2800 563 2858 victor
577 2810 691 2859 caestus
705 2809 857 2874 artemque
870 2801 1005 2875 repono!

274 2898 407 2956 Protinus
422 2900 537 2955 Aeneas
552 2896 639 2955 celeri
653 2906 763 2954 certare
777 2896 882 2971 sagitta

233 2995 333 3052 invitat
347 2995 395 3069 qui
411 2994 484 3053 forte
497 2994 595 3065 velint,
610 3003 639 3052 et
653 2994 783 3069 praemia
796 2994 888 3069 ponit,

233 3091 401 3166 ingentique
416 3108 504 3149 manu
518 3091 627 3149 malum
642 3090 680 3149 de
694 3108 769 3149 nave
783 3090 890 3150 Seresti

234 3189 324 3264 erigit,
339 3198 369 3246 et
382 3188 530 3246 volucrem
544 3188 665 3246 traiecto
682 3188 713 3246 in
726 3189 796 3247 sune
810 3188 987 3260 columbam,

233 3305 293 3361 qno
307 3284 429 3344 tendant
443 3285 558 3356 ferrum,
574 3285 651 3343 malo
667 3286 820 3361 suspendit
833 3288 871 3346 ab
886 3289 954 3347 alto.

234 3384 406 3443 Convenere
422 3382 480 3455 viri,
497 3382 699 3457 deiectamque
715 3401 801 3441 aerea
815 3394 923 3442 sortem

233 3481 349 3555 accepit
363 3480 464 3555 galea;
486 3489 515 3539 et
528 3480 639 3554 primus
654 3480 782 3538 clamore
796 3480 929 3539 secundo

234 3576 415 3653 Hyrtacidae
430 3585 497 3634 ante
512 3594 615 3634 omnes
631 3576 690 3634 exit
703 3577 785 3635 locus
801 3577 1041 3653 Hippocoontis,

233 3692 322 3751 quem
336 3673 427 3733 modo
441 3672 535 3730 navali
551 3674 723 3732 Mnestheus
738 3674 896 3733 certamine
910 3674 1004 3733 victor

434 3798 602 3845 ⁴⁷²relincunt.
618 3800 647 3846 R.
929 3801 1038 3848 mitii-
1053 3802 1090 3850 R·
