2834 4292
120 290 154 339 v.
168 289 246 355 389]
476 282 543 345 Tae
563 282 700 365 Boxing
719 283 843 348 Matcla

114 465 149 521 ni
166 482 228 535 me,
242 483 319 540 quae
334 466 451 537 Salium,
466 467 581 525 fortuna
594 466 714 525 inimica
727 467 859 526 tulisset?

116 563 159 618 Et
175 562 264 619 simul
278 562 322 620 his
337 562 422 621 dictis
437 564 543 623 faciem
557 565 722 623 ostentabat
736 574 766 621 et
779 564 840 622 udo

114 658 220 733 turpia
233 660 366 717 membra
379 660 459 719 fimo.
503 662 577 719 Risit
591 671 675 736 pater
689 661 817 737 optimus
831 662 889 735 olli,

115 767 146 812 et
163 755 298 830 clipeum
313 757 407 815 efferri
420 758 510 830 iussit,
527 759 721 834 Didymaonis
736 769 837 830 artem,

114 853 257 927 Neptuni
271 872 356 911 sacro
370 856 481 913 Danais
496 854 534 913 de
548 866 633 930 poste
647 855 779 912 refixum.

114 951 193 1007 Hoc
210 950 347 1008 iuvenem
363 952 511 1027 egregium
526 952 684 1027 praestanti
700 968 821 1009 munere
836 950 938 1013 donat.

158 1048 244 1118 Post,
259 1047 309 1105 ubi
323 1049 452 1106 consecti
468 1067 577 1119 cursus,
592 1057 622 1106 et
636 1047 716 1106 dona
730 1050 860 1124 peregit:

114 1146 122 1173 ‘
135 1143 167 1200 N
171 1161 243 1214 unc,
258 1144 283 1201 si
297 1144 346 1202 cui
359 1144 447 1203 virtus
461 1146 634 1220 animusque
649 1145 680 1202 in
694 1155 815 1220 pectore
830 1163 979 1221 praesens,

112 1239 207 1311 adsit,
225 1249 254 1297 et
264 1240 385 1299 evinctis
400 1242 512 1300 attollat
525 1242 645 1301 brachia
658 1242 783 1317 palmis.'

113 1338 164 1395 Sic
180 1337 234 1407 ait,
249 1347 280 1395 et
292 1339 443 1412 geminum
457 1355 572 1414 pugnae
588 1339 728 1415 proponit
742 1338 896 1412 honorem,

112 1434 226 1492 victori
238 1435 365 1491 velatum
381 1453 452 1493 auro
466 1436 601 1510 vittisque
616 1436 783 1507 iuvencum,

114 1549 226 1589 ensem
240 1540 328 1606 atque
344 1532 486 1607 insignem
501 1532 615 1607 galeam
629 1533 738 1591 solacia
749 1534 837 1591 victo.

114 1629 185 1687 Nec
202 1647 305 1685 mora:
328 1630 469 1687 continuo
483 1630 570 1687 vastis
584 1647 654 1687 cum
668 1630 774 1688 viribus
787 1630 870 1688 effert

113 1745 168 1784 ora
185 1728 292 1797 Dares,
307 1744 474 1802 magnoque
488 1727 581 1785 virum
595 1744 626 1785 se
642 1744 789 1785 murmure
803 1728 896 1801 tollit,

114 1825 199 1883 solus
215 1825 268 1899 qui
281 1824 416 1883 Paridem
432 1826 532 1883 solitus
546 1825 728 1884 contendere
742 1837 852 1897 contra,

114 1922 261 1997 idemque
275 1921 314 1980 ad
328 1922 481 1994 tumulum,
497 1941 556 1999 quo
571 1923 714 1981 maximus
729 1923 855 1983 occubat
870 1924 993 1997 Hector,

113 2022 264 2078 victorem
279 2021 373 2078 Buten
388 2022 509 2079 immani
524 2040 656 2098 corpore,
671 2022 724 2097 qui
737 2040 769 2080 se

115 2121 267 2196 Bebrycia
281 2122 399 2181 veniens
415 2125 517 2199 Amyci
533 2124 571 2183 de
585 2136 673 2200 geute
688 2125 809 2197 serebat,

115 2218 255 2293 perculit,
271 2229 301 2277 et
314 2220 391 2279 fulva
404 2221 611 2281 moribundum
627 2223 760 2282 extendit
773 2246 870 2287 arena

115 2318 197 2375 Talis
209 2318 305 2392 prima
319 2320 413 2377 Dares
427 2331 516 2396 caput
529 2322 619 2381 altum
635 2325 664 2382 in
678 2326 789 2400 proelia
802 2327 884 2401 tollit,

116 2416 309 2490 ostenditque
335 2433 451 2473 umeros
475 2416 559 2487 latos,
575 2421 744 2497 alternaque
758 2425 846 2483 iactat

117 2512 241 2570 brachia
254 2512 443 2587 protendens,
460 2527 491 2573 et
504 2517 635 2577 verberat
649 2520 755 2580 ictibus
771 2542 865 2584 auras.

118 2609 279 2682 Quaeritur
292 2609 361 2667 huic
374 2612 467 2683 alius;
488 2632 545 2671 nec
560 2617 715 2691 quisquam
730 2637 766 2676 ex
780 2620 895 2695 agmine
909 2630 993 2688 tauto

117 2706 210 2764 audet
225 2705 307 2763 adire
320 2709 412 2766 virum
428 2710 620 2786 manibusque
635 2714 776 2774 inducere
791 2728 914 2778 caestus.

119 2804 199 2879 Ergo
215 2802 327 2875 alacris,
343 2815 524 2882 cunctosque
539 2818 645 2883 putans
660 2812 805 2871 excedere
819 2816 926 2890 palma,

118 2903 241 2959 Aeneae
255 2901 333 2958 stetit
348 2910 415 2961 ante
430 2903 531 2977 pedes,
546 2924 603 2963 nec
617 2907 699 2982 plura
713 2920 840 2970 moratus

118 3006 181 3055 tum
196 2998 281 3055 laeva
295 3007 408 3056 taurum
423 3018 514 3057 cornu
529 3011 620 3073 tenet,
635 3015 723 3079 atque
738 3008 778 3065 ita
791 3009 884 3067 satur:

120 3094 218 3152 ‘Nate
233 3093 299 3165 dea,
315 3095 338 3152 si
352 3114 442 3153 nemo
456 3097 546 3155 audet
561 3117 592 3157 se
608 3100 729 3161 credere
744 3122 870 3180 pugnae,

121 3207 196 3264 quae
210 3190 277 3248 finis
292 3192 409 3249 standi?
451 3193 520 3267 Quo
535 3212 582 3252 me
597 3195 685 3255 decet
699 3217 791 3274 usque
806 3204 920 3262 teneri?

121 3288 240 3345 Ducere
255 3287 336 3345 dona
351 3289 437 3347 iube!
480 3291 586 3349 Cuncti
600 3294 685 3352 simul
699 3316 750 3355 ore
764 3299 929 3359 fremebant

123 3384 322 3456 Dardanidae,
336 3385 480 3461 reddique
495 3388 556 3446 viro
570 3392 713 3463 promissa
727 3394 873 3456 iubebant.

163 3482 225 3539 Hic
238 3482 332 3556 gravis
348 3483 494 3541 Entellum
509 3484 595 3545 dictis
609 3489 730 3563 castigat
744 3493 875 3565 Acestes,

124 3578 271 3651 proximus
285 3589 318 3636 ut
332 3579 473 3639 viridante
488 3591 552 3639 toro
568 3584 744 3645 consederat
758 3588 885 3649 herbae:

126 3673 266 3746 ‘Entelle,
283 3674 405 3733 heroum
419 3677 569 3750 quondam
584 3679 740 3739 fortissime
754 3685 864 3755 frustra,

296 3800 410 3849 martes.
427 3804 460 3853 H.
504 3810 507 3819 '
612 3806 767 3857 *bracchia
782 3814 842 3871 (aud
852 3814 961 3873 always).
978 3816 1007 3861 R.
