2834 4292
213 332 274 397 174
524 334 568 379 vl.
600 316 666 379 Tae
687 316 809 379 Lower
831 315 946 380 World.

208 503 337 573 Dixerat,
352 509 382 559 et
396 501 510 577 pariter,
524 502 613 577 gressi
627 520 788 578 peropaca
800 500 920 573 viarum,

207 598 367 674 corripiunt
381 598 507 672 spatium
522 598 661 669 medium,
676 599 844 672 foribusque
857 597 1064 673 propinquant.

206 697 344 771 Occupat
358 696 474 752 Aeneas
488 694 610 765 aditum,
626 712 791 769 corpusque
805 695 916 752 recenti

207 793 315 868 spargit
328 810 413 867 aqua,
428 809 601 866 ramumque
616 791 739 849 adverso
753 792 783 849 in
797 792 895 849 limine
909 791 979 867 figit.

249 890 305 948 His
320 889 440 948 demum
455 890 572 960 exactis,
582 889 720 964 perfecto
734 906 854 946 munere
869 887 963 960 divae,

207 986 351 1045 devenere
366 988 447 1046 locos
462 988 553 1045 laetos
567 995 597 1043 et
611 1003 737 1043 amoena
748 986 857 1043 virecta

206 1086 417 1143 fortunatorum
431 1103 584 1143 nemorum
598 1082 744 1157 sedesque
758 1083 866 1141 beatas.

207 1182 326 1256 Largior
340 1182 388 1239 hic
403 1201 524 1257 campos
539 1182 639 1239 aether
653 1190 683 1239 et
697 1180 807 1237 lumine
820 1179 905 1238 vestit

206 1297 362 1354 purpure0,
378 1281 529 1355 solemque
544 1300 638 1351 suum,
654 1298 705 1337 sua
720 1278 815 1337 sidera
827 1286 942 1338 norunt.

207 1378 275 1434 Pars
289 1376 319 1433 in
333 1378 487 1450 gramineis
502 1388 640 1436 exercent
655 1378 786 1435 membra
798 1376 955 1451 palaestris,

207 1473 391 1531 contendunt
404 1474 475 1532 ludo
489 1483 519 1533 et
532 1475 608 1533 fulva
622 1476 768 1533 luctantur
780 1491 886 1545 arena3

206 1588 272 1647 pars
286 1570 411 1646 pedibus
426 1572 569 1647 plaudunt
583 1572 704 1630 choreas
719 1581 749 1629 et
762 1570 891 1628 carmina
904 1570 1015 1631 dieunt.
1072 1660 1075 1663 ἢ

207 1669 273 1726 Nec
287 1687 348 1726 non
362 1669 513 1728 Threicius
528 1671 615 1745 longa
627 1689 696 1727 cum
710 1679 790 1727 veste
805 1667 942 1726 sacerdos

207 1766 373 1841 obloquitur
386 1768 514 1825 numeris
528 1777 642 1843 septem
657 1766 825 1824 discrimina
837 1783 954 1838 vocum,

206 1863 323 1938 iamque
338 1864 444 1921 eadem
458 1864 563 1939 digitis,
579 1866 636 1921 iam
650 1864 767 1939 pectine
782 1864 876 1939 pulsat
890 1864 1011 1923 eburno,

208 1960 268 2017 Hic
283 1978 375 2035 genus
390 1962 541 2036 antiquum
556 1962 671 2033 Teucri,
688 1961 883 2036 pulcherrima
896 1962 1002 2035 proles,

206 2058 385 2132 magnanimi
399 2058 511 2130 heroes
527 2060 588 2117 nati
603 2059 769 2116 melioribus
784 2059 876 2129 annis,

208 2155 326 2229 Ilusque
341 2157 555 2231 Assaracusque
571 2167 601 2215 et
614 2157 719 2214 Troiae
736 2155 891 2214 Dardanus
905 2164 1017 2214 auctor.

207 2256 296 2309 Arma
309 2237 412 2327 procul
426 2272 583 2328 currusque
599 2254 691 2312 virum
707 2254 826 2312 miratur
838 2254 948 2311 inanes.

111 2426 142 2435 .,.
176 2351 289 2429 --Stant
302 2360 378 2408 terra
391 2350 505 2408 defixae
521 2350 629 2422 hastae,
646 2352 811 2426 passimque
827 2351 913 2410 soluti

207 2465 260 2523 per
273 2464 410 2521 campum
424 2458 583 2522 pascuntur
597 2449 675 2522 equi.
718 2448 802 2523 Quae
817 2450 908 2523 gratia
921 2466 1038 2509 currum

207 2564 410 2620 armorumque
425 2546 478 2603 suit
492 2546 570 2617 vivis,
588 2563 663 2620 quae
679 2563 749 2603 cura
762 2546 880 2604 nitentis

207 2660 327 2718 pascere
342 2659 443 2717 equos,
458 2641 564 2700 eadem
581 2642 710 2716 sequitur
725 2644 826 2701 tellure
839 2654 982 2719 repostos.

248 2740 411 2814 Conspicit,
427 2757 509 2810 ecce,
526 2739 596 2796 alios
613 2738 715 2798 dextra
728 2741 867 2815 laevaque
882 2760 936 2816 per
948 2740 1070 2801 herbam

206 2837 360 2907 vescentis,
374 2837 541 2911 laetumque
558 2831 649 2895 choro
663 2854 778 2912 paeana
791 2840 923 2897 canentis

207 2934 282 2991 inter
296 2934 450 2993 odoratum
464 2934 535 2991 lauri
551 2952 663 3001 nemus,
678 2934 759 2991 unde
773 2953 897 3010 superne

207 3032 346 3106 plurimus
362 3030 482 3088 Eridani
496 3048 549 3106 per
564 3034 663 3093 silvam
677 3036 799 3093 volvitur
812 3036 915 3093 amnis.

209 3130 269 3186 Hic
285 3147 387 3186 manus
402 3130 441 3187 ob
456 3130 578 3203 patriam
595 3132 755 3207 pugnando
770 3133 888 3191 volnera
900 3130 989 3208 passi,

208 3227 317 3300 quique
332 3225 499 3285 sacerdotes
515 3231 596 3298 casti,
612 3230 682 3288 dum
697 3231 755 3287 vita
769 3231 915 3303 manebat,

209 3324 316 3397 quique
331 3324 370 3397 pii
386 3336 465 3385 vates
481 3336 510 3383 et
526 3327 647 3384 Phoebo
662 3326 751 3401 digna
764 3327 862 3397 locuti,

208 3420 339 3477 inventas
356 3431 404 3477 aut
418 3423 468 3495 qui
483 3424 571 3480 vitam
586 3424 740 3482 excoluere
756 3442 809 3499 per
821 3435 905 3495 artes,

209 3518 318 3592 quique
332 3520 376 3576 sui
391 3538 535 3577 memores
550 3520 621 3577 alios
635 3521 732 3578 secere
746 3520 897 3592 merendo,

209 3616 346 3674 omnibus
360 3616 404 3673 his
419 3617 504 3673 nivea
518 3617 672 3691 cinguntur
685 3626 819 3692 tempora
833 3619 911 3677 vitta

250 3712 334 3789 Quos
349 3712 540 3772 circumfusos
554 3713 597 3771 sic
610 3723 655 3772 est
668 3713 767 3772 adfata
779 3714 893 3789 sybilla,

651 3838 684 3874 ⁶³⁸
695 3841 779 3886 vireta.
795 3841 829 3890 H.

1138 324 1262 390 [AEnam.
