2834 4292
97 304 231 371 v1.496.]
353 295 421 359 Tlte
444 295 557 359 Shade
578 298 619 378 of
634 297 727 360 Dido
748 297 907 381 Appcars.
1098 306 1159 386 169

95 481 231 555 imperiis
245 498 333 556 egere
347 480 426 554 suis,
447 498 505 539 nec
519 480 640 540 credere
654 483 735 557 quivi

94 577 184 635 hunc
196 586 311 635 tantum
325 578 379 636 tibi
393 595 441 636 me
456 578 588 637 discessu
602 580 675 637 ferre
690 580 834 641 dolorem.

38 688 39 691 ’
94 674 178 733 Siste
191 674 324 750 gradum,
339 683 428 750 teque
442 684 564 751 aspectu
577 668 616 734 ue
629 677 767 736 subtrahe
780 660 889 754 nostrai
1113 680 1157 737 ⁴⁶⁵

94 772 202 845 Quem
215 771 310 847 fugis?
351 772 523 831 Extremum
537 773 607 845 fato,
622 773 705 848 quod
717 784 748 833 te
761 774 916 852 adloquor,
929 776 989 837 boc
1002 778 1067 838 αι’

141 868 261 927 Talibus
274 870 391 927 Aeneas
405 868 558 927 ardentem
572 880 602 928 et
615 879 698 928 torva
710 881 845 931 tuentem

91 966 210 1025 lenibat
224 966 311 1024 dictis
325 966 465 1038 animum,
480 967 672 1042 lacrimasque
686 968 794 1028 ciebat.

92 1064 156 1122 Illa
169 1063 231 1121 solo
245 1063 320 1121 fixos
334 1063 436 1122 oculos
450 1082 551 1123 aversa
563 1066 693 1137 tenebat,

92 1179 158 1218 nec
171 1160 264 1235 magis
278 1160 397 1235 incepto
411 1160 521 1219 voltum
535 1178 672 1219 sermone
685 1172 830 1236 moretm,

90 1276 191 1333 quam
205 1257 230 1315 si
243 1256 317 1315 dura
331 1256 402 1315 silex
415 1266 466 1315 aut
479 1266 537 1315 stet
551 1259 699 1333 Marpesia
711 1268 823 1319 cautes.

91 1354 236 1413 Tandem
250 1354 390 1429 corripuit
403 1372 478 1426 sese,
491 1363 580 1429 atque
593 1355 713 1413 inimica
724 1356 830 1434 refugit

90 1454 126 1510 in
143 1470 250 1510 nemus
263 1451 460 1523 umbriferum,
476 1452 605 1509 coniunx
618 1452 670 1510 ubi
682 1454 819 1528 pristinus
832 1455 874 1514 illi

91 1547 260 1625 respondet
274 1548 350 1606 euris
364 1557 530 1624 aequatque
545 1548 693 1624 Sychaeus
708 1568 850 1611 amorem.

91 1649 124 1705 N
127 1665 166 1705 ec
181 1646 278 1703 minus
292 1647 417 1717 Aeneas,
432 1663 502 1705 casu
517 1664 679 1705 concussus
692 1648 804 1722 iniquo,

91 1744 285 1821 prosequitur
298 1742 423 1801 lacrimis
437 1742 534 1818 longe,
550 1752 581 1802 et
594 1744 747 1803 miseratur
759 1755 890 1805 euntem.

137 1841 217 1900 Inde
232 1839 335 1899 datum
348 1840 465 1897 molitur
478 1840 540 1899 iter.
583 1842 707 1916 lamque
721 1860 789 1900 arra
801 1842 944 1903 tenebant

92 1938 210 2011 rrltima,
227 1956 302 2013 quae
316 1936 395 1995 bello
409 1938 478 1995 clari
493 1948 606 1997 secreta
619 1938 816 2014 frequentant.

93 2038 160 2094 Hic
175 2036 217 2093 illi
231 2035 358 2093 occurrit
371 2034 500 2111 Tydeus,
516 2036 564 2093 hic
578 2036 704 2095 inclutus
718 2038 807 2097 armis

95 2132 339 2208 Parthenopaeus
354 2142 383 2191 et
396 2131 512 2191 Adrasti
525 2133 659 2208 pallentis
674 2134 792 2211 imago;

92 2232 144 2290 hic
160 2231 286 2289 multum
300 2229 359 2313 fleti
373 2229 411 2287 ad
426 2248 546 2306 superos
562 2232 699 2308 belloque
714 2231 821 2292 caduci

95 2327 299 2399 Dardanidae,
314 2346 389 2403 quos
403 2328 449 2387 ille
464 2347 569 2387 omnes
583 2330 671 2406 longo
685 2330 791 2391 ordine
805 2350 930 2392 cerneus

93 2426 250 2503 ingemuit,
266 2426 469 2502 Glaucumque
485 2426 689 2503 Medontaque
703 2430 995 2507 Thersilochumque,

94 2525 144 2583 tris
158 2522 368 2595 Antenoridas,
383 2524 542 2599 Cererique
556 2543 671 2585 sacrum
685 2527 898 2603 Polyphoeten,

96 2622 293 2694 Idaeumque,
309 2622 397 2680 etiam
411 2640 520 2695 currus,
536 2624 625 2681 etiam
638 2642 719 2683 arma
732 2636 893 2686 tenentem.

97 2720 299 2780 Circumstant
312 2721 427 2779 animae
442 2720 544 2779 dextra
557 2722 697 2797 laevaque
712 2724 878 2800 frequentes
889 2746 898 2798 ;

95 2835 151 2875 nec
165 2818 278 2877 vidisse
293 2817 385 2877 semel
398 2818 467 2876 satis
481 2828 545 2890 est;
566 2819 645 2878 iuvat
658 2838 752 2897 usque
766 2824 882 2894 morari,

98 2924 126 2972 et
139 2916 277 2975 conferre
290 2914 422 2991 gradum,
437 2925 468 2973 et
480 2915 618 2975 veniendi
632 2917 746 2977 discere
760 2938 872 2979 causas.

99 3015 134 3071 At
148 3017 291 3073 Danaum
305 3032 441 3090 proceres
456 3016 765 3092 Agamemnoniaeque
779 3016 939 3093 phalanges

99 3120 129 3169 ut
141 3114 245 3173 videre
259 3114 352 3171 virum
367 3113 564 3189 fulgentiaque
578 3132 659 3171 anna
673 3132 726 3189 per
738 3114 866 3186 umbras,

99 3208 209 3286 ingenti
225 3210 371 3287 trepidare
385 3220 486 3283 metu;
507 3228 574 3285 pars
587 3220 698 3268 vertere
713 3220 802 3287 terga,

101 3324 152 3367 ceu
167 3308 323 3386 quondam
338 3308 448 3383 petiere
462 3317 538 3366 rates
550 3329 557 3378 ;
578 3326 645 3383 pars
659 3308 760 3366 tollere
774 3326 880 3368 vocem

103 3407 248 3482 exiguam,
264 3406 399 3480 inceptus
414 3405 524 3462 clamor
537 3404 686 3463 frustratur
698 3405 824 3463 hiantes.

48 3518 84 3571 Γ
139 3506 237 3580 Atque
251 3502 300 3561 hic
315 3501 481 3560 Priamiden
496 3501 634 3558 laniatum
648 3519 771 3575 corpore
785 3511 850 3561 toto

104 3598 292 3676 Deiphobum
306 3596 387 3656 videt
401 3608 431 3655 et
443 3598 572 3655 lacerum
587 3596 743 3656 crudeliter
756 3616 816 3672 ora,

104 3711 151 3755 ora
162 3712 328 3771 manusque
342 3694 454 3767 ambas,
468 3694 666 3771 populataque
680 3704 815 3771 tempora
827 3697 917 3772 raptis

310 3822 344 3859 ⁴⁸⁴
355 3822 484 3880 Porytotm.
501 3823 528 3870 tt
788 3822 822 3859 ⁴⁰⁶
831 3824 899 3871 vertit
914 3822 945 3871 R.
