2834 4292
269 281 329 362 156
577 297 621 345 vi.
653 278 720 341 rte
741 279 863 343 comer
884 281 1000 348 Μ.

264 466 410 523 insuetum
425 482 478 541 per
491 464 545 523 iter
558 464 668 541 gelidas
683 466 781 523 enavit
794 464 834 523 ad
847 467 962 537 Arctos,

263 562 493 639 Chalcidicaque
508 563 578 621 levis
592 563 714 623 tandem
727 581 815 639 super
827 563 937 621 adstitit
950 582 1026 622 arce.

262 659 409 719 Redditus
425 660 468 719 his
484 661 611 735 primum
625 660 715 731 terris,
730 660 792 732 tibi,
808 660 938 732 Phoebe,
952 661 1075 719 sacravit

260 758 414 833 remigium
430 757 548 829 alarum,
566 757 721 832 posuitque
735 757 875 815 immania
887 759 1005 833 templa

261 856 297 914 In
311 856 419 914 loribus
434 855 523 913 letum
540 853 707 929 Androgei:
730 863 793 912 tum
807 853 937 929 pendere
951 874 1063 931 poenas

260 952 444 1028 Cecropidae
459 952 528 1011 iussi
539 984 580 995 -
588 952 727 1009 miserum
740 954 798 1009 l-
807 961 930 1027 septena
943 950 1099 1027 quotannis

259 1067 383 1125 corpora
396 1061 530 1109 natorum
541 1070 549 1122 ;
572 1058 628 1108 stat
643 1048 739 1106 ductis
754 1048 878 1107 sortibus
891 1067 972 1107 urna.

259 1146 370 1205 Contra
384 1147 459 1204 elata
472 1148 542 1205 mari
558 1145 717 1221 respondet
734 1145 847 1203 Gnosia
859 1146 961 1203 tellus:

258 1242 306 1301 hic
320 1243 444 1302 crudelis
458 1263 541 1303 amor
555 1245 637 1315 tauri,
652 1253 851 1318 suppostaque
865 1244 940 1300 furto

257 1342 409 1417 Pasiphae,
425 1342 605 1416 mixtumque
620 1359 712 1417 genus
726 1341 882 1416 prolesque
895 1340 1025 1398 biformis

257 1438 439 1497 Minotaurus
453 1439 537 1510 inest,
553 1438 674 1496 Veneris
691 1447 882 1513 monumenta
895 1436 1061 1511 nefandae3

256 1535 305 1594 hic
318 1536 400 1595 labor
414 1536 460 1595 ille
476 1536 582 1595 domus
599 1545 628 1593 et
643 1535 846 1593 inextricabilis
860 1552 939 1591 error
947 1554 957 1607 3

255 1651 394 1709 magnum
409 1634 526 1709 reginae
543 1633 596 1692 sed
611 1634 690 1691 enim
704 1634 855 1691 miseratus
871 1651 1001 1691 amorem

255 1731 404 1790 Daedalus
419 1732 480 1807 ipse
497 1731 580 1790 dolos
596 1731 666 1788 tecti
680 1731 875 1805 ambagesque
891 1731 1015 1802 resolvit,

254 1846 345 1886 caeca
358 1846 460 1902 regens
475 1829 524 1885 filo
540 1827 668 1902 vestigia.
712 1828 758 1885 Tu
772 1845 890 1902 quoque
907 1846 1042 1903 magnam

198 1938 201 1945 ’
253 1936 365 2001 partem
380 1943 469 2001 opere
484 1926 515 1983 in
530 1934 620 1997 tanto,
642 1926 750 1982 sineret
764 1924 856 1996 dolor,
872 1926 965 1996 lcare,
979 1924 1113 1985 haberes.

253 2024 302 2081 Bis
317 2033 439 2081 conatus
454 2032 513 2080 erat
528 2040 612 2079 casus
630 2022 767 2096 effingere
781 2021 811 2081 in
827 2040 918 2102 auro;

252 2120 296 2179 bis
310 2120 419 2195 patriae
435 2118 569 2179 cecidere
587 2136 698 2177 manus.
744 2119 823 2193 Quin
836 2120 967 2194 protinus
981 2120 1082 2179 omnia

252 2217 434 2291 perlegerent
447 2217 549 2287 oculis,
565 2217 595 2273 ni
610 2216 667 2273 iam
684 2217 858 2291 praemissus
873 2218 1000 2278 Achates

252 2313 373 2391 adforet,
389 2324 476 2389 atque
491 2332 550 2371 una
565 2313 677 2371 Phoebi
692 2314 864 2389 Triviaeque
880 2316 1027 2389 sacerdos,

252 2411 408 2486 Deiphobe
423 2410 537 2481 Glauci,
553 2411 627 2467 fatur
641 2428 717 2485 quae
732 2411 800 2468 talia
812 2413 891 2487 regi:

251 2509 339 2566 ‘Non
354 2509 411 2566 hoc
426 2509 479 2566 ista
494 2508 547 2566 sibi
562 2517 678 2582 tempus
695 2509 863 2582 spectacula
877 2510 992 2585 poscit;

250 2624 328 2664 nunc
342 2624 429 2681 grege
445 2605 483 2663 de
498 2606 607 2663 intacto
623 2615 737 2679 septem
753 2617 880 2664 mactare
896 2608 1034 2667 iuvencos

249 2704 429 2778 praestiterit,
444 2702 569 2761 totidem
585 2703 674 2761 lectas
688 2701 727 2760 de
744 2722 825 2762 more
840 2704 994 2763 bidentes?

247 2800 366 2858 Talibus
380 2799 479 2859 adlata
493 2802 614 2858 Aenean
635 2799 705 2875 (nec
723 2819 805 2857 sacra
817 2811 966 2860 morantur

248 2899 325 2956 iussa
338 2897 419 2970 viri),
434 2898 564 2955 Teucros
582 2907 667 2954 vocat
683 2898 741 2954 alta
754 2899 784 2955 in
799 2899 908 2973 templa
922 2898 1067 2958 sacerdos.

289 2995 428 3051 Excisum
445 2994 594 3052 Euboicae
609 2995 682 3053 latus
699 2996 801 3071 ingens
815 2997 893 3071 rupis
908 2997 937 3054 in
952 3007 1074 3068 antrum,

247 3110 307 3166 quo
318 3091 367 3148 lati
381 3090 493 3149 ducunt
509 3091 604 3150 aditus
621 3103 749 3164 centum,
765 3094 839 3151 ostia
854 3103 993 3166 centum;

247 3188 326 3246 unde
341 3198 427 3247 ruunt
442 3190 565 3248 totidem
581 3208 678 3261 voces,
693 3208 834 3265 responsa
848 3191 979 3266 Sibyllae.

246 3288 376 3344 Ventum
390 3296 451 3344 erat
466 3287 506 3345 ad
519 3288 618 3358 limen,
635 3306 704 3346 cum
719 3288 810 3363 virgo,
827 3287 1024 3361 Poscerefata

247 3393 356 3460 tempus
370 3384 428 3457 ait3
451 3385 530 3458 deus,
546 3404 614 3457 ecce,
630 3386 725 3443 deus!
767 3386 823 3444 Cui
836 3386 904 3443 talia
917 3385 989 3443 fanti

246 3491 314 3540 ante
328 3482 405 3540 fores
419 3483 516 3541 subito
531 3501 592 3541 non
607 3483 711 3552 voltus,
730 3501 790 3540 non
805 3484 886 3541 color
899 3501 983 3553 unus,

246 3600 307 3640 non
322 3590 458 3663 comptae
474 3597 607 3638 mansere
622 3597 746 3653 comae;
768 3579 821 3637 sed
837 3590 940 3655 pectus
954 3577 1101 3655 anhelum,

247 3691 276 3739 et
290 3678 369 3738 rabie
385 3678 446 3737 fera
459 3675 550 3735 corda
563 3686 676 3734 tument
688 3695 696 3748 ς
719 3677 868 3751 maiorque
882 3676 982 3750 videri,

669 3802 692 3834 ⁹⁰
702 3804 835 3860 Androgeo.
851 3806 879 3850 R.

1199 291 1304 357 [nrm.
