2834 4292
211 314 273 375 180
524 326 569 373 vr.
600 306 666 373 lee
687 305 810 371 Lower
831 305 948 372 World.

206 498 301 555 victor
315 504 382 570 aget
397 512 523 566 currum,
538 493 630 551 caesis
644 492 766 569 insignis
780 492 907 551 Achivis.

206 596 297 653 Eruet
311 593 358 649 ille
373 594 466 666 Argos
481 591 791 665 Agamemnoniasque
807 591 960 665 Mycenas,

206 693 361 767 ipsumque
376 687 537 759 Aeaciden,
553 706 647 763 genus
661 687 861 762 armipotentis
875 685 991 758 Achilli,

206 790 282 847 ultus
297 806 366 845 avos
380 788 495 858 Troiae,
510 785 621 861 templa
636 794 666 842 et
680 793 822 842 temerata
838 784 999 841 Minervae.

207 886 281 959 Quis
296 894 334 956 te,
349 902 455 960 magne
470 884 556 954 Cato,
571 882 703 952 taciturn,
719 890 770 938 aut
784 889 822 951 te,
839 881 941 951 Cosse,
956 880 1120 954 relinquat?

206 983 280 1056 Quis
296 982 423 1041 Gracchi
438 1000 538 1057 genus,
554 991 602 1039 aut
617 979 760 1055 geminos,
776 976 837 1035 duo
851 978 972 1034 fulmina
986 976 1062 1048 belli,

205 1079 364 1154 Scipiadas,
380 1080 496 1137 cladem
511 1080 629 1153 Libyae,
644 1092 793 1152 parvoque
809 1084 962 1150 potentem

206 1177 372 1235 Fabricium
387 1178 432 1234 vel
446 1187 475 1234 te
489 1177 717 1245 sulcosserrane,
732 1172 901 1232 serentem?

205 1293 266 1349 quo
280 1276 387 1332 sessum
402 1275 511 1350 rapitis,
526 1250 630 1331 Fabii?
669 1274 717 1330 Tu
732 1274 891 1329 Maxumus
906 1268 954 1327 ille
968 1286 1011 1341 es,

144 1395 151 1409 ·
205 1390 280 1429 unus
295 1372 344 1445 qui
358 1371 443 1429 nobis
459 1370 629 1428 cunctando
641 1371 768 1427 restituis
780 1387 853 1428 rem.

206 1469 363 1526 Excudent
378 1468 424 1525 alii
439 1468 576 1543 spirantia
590 1467 706 1525 mollius
720 1485 797 1538 aera,

206 1565 297 1623 credo
311 1564 459 1640 equidem,
474 1565 554 1623 vivos
570 1564 680 1622 ducent
694 1564 733 1622 de
747 1582 892 1622 marmore
906 1562 1011 1634 voltus,

206 1662 330 1719 orabunt
344 1680 445 1721 causas
459 1662 572 1732 melius,
587 1663 722 1736 caelique
737 1672 851 1720 meatus

206 1758 373 1817 describent
386 1758 478 1830 radio,
494 1769 522 1816 et
537 1760 683 1834 surgentia
697 1759 793 1817 sidera
807 1758 927 1817 dicent:

206 1867 237 1913 tu
251 1874 351 1930 regere
366 1856 490 1930 imperio
504 1856 639 1930 populos,
655 1858 802 1927 Romane,
815 1865 968 1914 memento
976 1875 986 1929 ;

205 1954 261 2010 hae
276 1954 327 2010 tibi
342 1963 426 2009 erunt
440 1963 534 2024 artes;
556 1954 696 2027 pacisque
711 1954 862 2027 imponere
877 1971 1000 2026 morem,

205 2068 324 2125 parcere
339 2050 488 2120 subiectis,
503 2060 532 2106 et
547 2049 694 2107 debellare
707 2051 869 2125 superbos!

246 2149 293 2206 Sic
307 2158 391 2223 pater
403 2146 555 2225 Anchises,
572 2156 658 2221 atque
674 2147 748 2204 haec
763 2148 933 2207 mirantibus
947 2147 1048 2207 addit:

207 2245 342 2319 ‘Aspice,
357 2254 389 2302 ut
404 2244 522 2317 insignis
537 2243 636 2317 spoliis
652 2244 807 2302 Marcellus
821 2246 929 2320 opimis

206 2342 374 2416 ingreditur,
388 2342 540 2415 victorque
554 2342 631 2398 viros
644 2343 843 2415 supereminet
857 2360 962 2401 omnes
976 2346 983 2401 l

207 2440 268 2496 Hic
282 2456 345 2496 rem
359 2440 535 2508 Romanam,
550 2456 658 2512 magno
672 2439 807 2497 turbante
822 2440 957 2511 tumultu,

207 2537 296 2608 sistet,
312 2553 402 2610 eques
417 2544 526 2593 sternet
540 2515 656 2593 Poenos
671 2536 847 2611 Gallumque
862 2521 1011 2610 rebellem,

206 2634 346 2707 tertiaque
362 2651 443 2691 arma
456 2632 529 2707 patri
543 2631 703 2707 suspendet
718 2643 806 2707 capta
820 2634 963 2709 Quirino)

246 2733 343 2805 Atque
359 2730 407 2787 hic
421 2733 556 2801 Aeneas;
578 2748 637 2787 una
650 2747 778 2804 namque
792 2732 834 2789 ire
847 2731 967 2791 videbat

206 2830 355 2903 egregium
369 2827 462 2885 forma
476 2828 611 2885 iuvenem
626 2837 656 2884 et
671 2826 849 2901 fulgentibus
865 2830 962 2901 annis,

206 2926 259 2983 sed
274 2926 351 2983 frons
365 2925 442 2982 laeta
455 2942 567 2999 parum,
582 2933 612 2981 et
626 2922 744 2981 deiecto
759 2926 869 2983 lumina
881 2927 980 2985 voltu:

207 3023 308 3095 ‘Quis,
323 3031 413 3097 pater,
429 3021 485 3092 ille,
500 3022 593 3078 virum
607 3022 658 3095 qui
673 3022 716 3078 sic
732 3023 889 3081 comitatur
902 3022 1043 3080 euntem?

207 3121 304 3190 Filius,
320 3136 397 3176 anne
412 3119 514 3192 aliquis
528 3137 635 3193 magna
649 3119 687 3177 de
704 3121 793 3195 stirpe
807 3120 973 3195 nepotum?

207 3217 280 3290 Quis
295 3216 430 3291 strepitus
444 3217 523 3273 circa
536 3217 699 3275 comitum!
741 3218 892 3290 Quantum
906 3218 995 3275 instar
1007 3216 1038 3275 in
1053 3215 1138 3291 ipsol

207 3312 266 3371 Sed
280 3331 340 3371 nox
354 3323 415 3370 atra
429 3322 518 3388 caput
531 3314 604 3371 tristi
619 3314 809 3372 circumvolat
822 3314 944 3373 umbra?

141 3410 987 3485 -Tmmmfflfflmmmffiwfflmww

247 3508 293 3567 ‘O
308 3517 404 3582 gnate,
420 3509 569 3582 ingentem
584 3507 694 3565 luctum
710 3526 748 3564 ne
762 3526 870 3582 quaere
886 3518 1022 3581 tuorum,

206 3604 365 3665 ostendent
378 3605 458 3663 terris
474 3605 553 3662 hunc
568 3613 681 3662 tantum
695 3605 762 3674 sata,
778 3622 874 3678 neque
889 3606 963 3663 ultra

206 3722 269 3762 esse
285 3703 389 3761 sinent.
432 3700 564 3759 Nimium
579 3701 661 3760 vohis
675 3702 811 3760 Romana
823 3719 955 3777 propago

364 3828 467 3889 πῆμά,
483 3829 512 3875 g
672 3828 763 3887 utqui,
778 3829 807 3877 R,
915 3833 918 3837 ’
967 3827 1051 3876 mest.
1066 3827 1100 3875 H.

1139 314 1259 381 [AEurm.
