2834 4292
46 350 49 359 ,
130 316 182 365 111.
194 313 265 380 664]
545 305 576 369 T
571 306 611 369 lte
637 304 775 389 Cyclops.

130 491 278 549 cervicem
293 490 429 549 inflexam
440 491 546 567 posuit,
562 491 707 565 iacuitque
722 510 775 568 per
788 500 903 551 antrum

129 588 302 659 immensus,
317 589 429 645 saniem
443 598 577 645 eructans
592 598 623 645 et
637 588 725 646 frusta
739 599 862 647 cruento

128 704 185 760 per
198 703 336 743 somnum
350 686 511 743 commixta
524 702 614 756 mero,
629 703 684 742 nos
698 704 806 761 magna
818 686 931 760 precati

128 782 254 839 numina
268 782 417 856 sortitique
431 782 519 852 vices,
534 800 594 839 una
607 782 737 856 undique
752 783 864 841 circum

127 879 290 949 fundimur,
306 888 336 936 et
350 880 409 936 telo
423 878 521 936 lumen
536 880 715 937 terebramus
728 890 876 951 acuto,-

127 978 244 1051 ingenS,
260 976 341 1051 quod
356 986 436 1033 torva
450 978 545 1033 solum
560 977 614 1035 sub
628 977 722 1035 fronte
737 977 853 1048 latebat,

127 1074 260 1148 Argolici
275 1073 360 1147 clipei
376 1082 423 1129 aut
439 1074 594 1131 Phoebeae
611 1074 755 1149 lampadis
769 1074 917 1148 instar,-

127 1181 158 1228 et
173 1169 297 1227 tandem
312 1170 379 1227 laeti
393 1170 541 1228 sociorum
555 1170 722 1229 ulciscimur
735 1172 862 1230 umbras.

127 1266 191 1326 Sed
208 1267 306 1341 fugite,
321 1267 349 1325 O
365 1267 469 1338 miseri,
484 1266 583 1343 fugite,
599 1276 686 1343 atque
701 1268 739 1325 ab
752 1268 836 1325 litore
850 1268 951 1328 funem

126 1364 269 1439 rumpite.

128 1464 213 1521 Nam
227 1462 318 1537 qualis
333 1471 517 1538 quantusque
532 1480 606 1519 cavo
621 1460 818 1538 Polyphemus
832 1463 863 1521 in
877 1472 961 1523 antro

126 1565 274 1639 lanigeras
289 1563 397 1621 claudit
411 1563 543 1638 pecudes
557 1572 645 1637 atque
660 1564 752 1621 ubera
764 1574 884 1638 pressat,

127 1671 254 1720 centum
267 1661 314 1717 alii
329 1679 415 1717 curva
429 1660 503 1718 haec
518 1660 649 1718 habitant
662 1660 700 1718 ad
716 1662 799 1719 litora
811 1662 898 1739 volgo

125 1756 243 1816 infandi
258 1756 414 1831 Cyclopes,
430 1766 459 1815 et
472 1757 536 1815 altis
551 1758 699 1816 montibus
714 1769 819 1816 errant.

125 1857 231 1915 Tertia
245 1856 303 1912 iam
317 1856 402 1913 lunae
418 1874 449 1913 se
465 1874 575 1914 cornua
589 1857 698 1915 lumine
713 1859 874 1933 complent,

127 1973 199 2012 cum
216 1953 304 2010 vitam
319 1952 349 2009 in
364 1952 439 2011 silvis
453 1953 528 2011 inter
542 1953 659 2011 deserta
674 1954 799 2013 ferarum

126 2052 222 2109 lustra
235 2048 400 2124 domosque
416 2050 509 2121 traho,
525 2060 680 2127 vastosque
696 2052 734 2111 ab
747 2071 819 2128 mpe
834 2052 980 2131 Cyclopas

126 2147 290 2223 prospicio,
305 2147 491 2223 sonitumque
506 2147 617 2223 pedum
631 2167 795 2224 vocemque
809 2161 965 2211 tremesco.

125 2247 251 2304 Victum
265 2244 422 2318 infelicem,
437 2247 524 2305 bacas
540 2246 733 2325 lapidosaque
748 2268 847 2321 coma,

126 2344 202 2403 dant
217 2344 301 2414 rami,
317 2353 346 2401 et
359 2344 446 2403 volsis
460 2355 587 2420 pascunt
600 2344 747 2405 radicibus
762 2347 880 2407 herbae.

127 2445 243 2505 Omnia
257 2444 447 2516 conlustrans,
463 2445 539 2502 banc
556 2444 683 2519 primum
697 2444 737 2503 ad
751 2445 835 2504 litora
849 2446 972 2506 classem

126 2544 274 2618 conspexi
288 2544 463 2601 venientem.
507 2543 588 2600 Huic
603 2561 661 2613 me,
677 2561 881 2620 quaecumque
895 2545 1004 2617 fuisset,

127 2642 249 2699 addixi:
274 2642 342 2698 satis
356 2650 400 2698 est
413 2650 531 2715 gentem
546 2641 679 2716 effugisse
694 2641 862 2700 nefandam.

126 2745 190 2801 Vos
206 2743 335 2801 animam
350 2742 427 2800 hanc
441 2741 537 2817 potius
553 2757 741 2814 quocumque
756 2740 899 2797 absumite
914 2740 993 2798 leto.'

168 2842 229 2899 Vix
243 2859 279 2899 ea
292 2841 367 2898 fatus
382 2849 451 2909 erat,
468 2856 583 2897 summo
599 2856 667 2894 cum
682 2848 783 2894 monte
797 2837 930 2897 videmus
1144 2838 1187 2897 ⁶55

126 2939 228 3013 ipsum
243 2938 317 2995 inter
331 2935 462 3011 pecudes
477 2946 558 2993 vasta
571 2954 602 2993 se
617 2934 695 2993 mole
711 2944 882 2993 moventem

127 3045 281 3110 pastorem
296 3034 509 3110 Polyphemum
524 3043 554 3091 et
568 3034 652 3091 litora
665 3044 737 3091 nota
751 3044 911 3109 petentem,

40 3149 69 3179 v
128 3144 294 3191 monstrum
310 3130 499 3203 horrendum,
516 3131 648 3202 informe,
664 3132 777 3207 ingens,
793 3134 841 3191 cui
855 3134 955 3193 lumen
968 3131 1152 3210 ademptum.

127 3231 249 3288 Trunca
263 3248 351 3286 manu
366 3228 452 3303 pinus
466 3229 540 3302 regit
555 3238 584 3286 et
598 3229 719 3303 vestigia
732 3230 847 3302 firmat3

127 3326 276 3401 lanigerae
293 3326 468 3383 comitantur
481 3344 600 3383 oves-
610 3344 645 3385 ea
659 3326 722 3385 sola
735 3328 870 3403 voluptas
1144 3328 1189 3373 ⁶⁶0

128 3425 322 3497 solamenque
337 3424 415 3481 mali.

129 3522 293 3596 Postquam
306 3520 380 3578 altos
395 3520 487 3595 tetigit
502 3520 605 3578 fluctus
620 3530 650 3578 et
664 3520 702 3579 ad
717 3540 845 3597 aequora
858 3524 947 3599 venit,

128 3617 247 3675 luminis
261 3616 358 3698 efqusi
372 3616 494 3674 fluidum
509 3618 577 3674 lavit
591 3617 659 3675 inde
675 3637 819 3696 cruqrem,

129 3713 268 3776 dentibus
283 3712 452 3772 infrendens
466 3714 585 3789 gemitu,
601 3713 788 3792 graditurque
802 3735 856 3793 per
871 3736 981 3793 aequor

562 3842 594 3877 Μ
598 3842 727 3902 fluvidum.
743 3845 772 3893 R.
