<?xml version="1.0" encoding="UTF-8"?>
<!DOCTYPE html PUBLIC "-//W3C//DTD XHTML 1.0 Transitional//EN"
    "http://www.w3.org/TR/xhtml1/DTD/xhtml1-transitional.dtd">
<html xmlns="http://www.w3.org/1999/xhtml" xml:lang="en" lang="en">
 <head>
  <title>
</title>
<meta http-equiv="Content-Type" content="text/html;charset=utf-8" />
  <meta name='ocr-system' content='tesseract 3.04.00' />
  <meta name='ocr-capabilities' content='ocr_page ocr_carea ocr_par ocr_line ocrx_word'/>
</head>
<body>
  <div class='ocr_page' id='page_1' title='image "./greaterpoemsvir00kittgoog_0153.png"; bbox 0 0 2834 4292; ppageno 0'>
   <div class='ocr_carea' id='block_1_1' title="bbox 138 312 814 406">
    <p class='ocr_par' dir='ltr' id='par_1_1' title="bbox 138 312 814 406">
     <span class='ocr_line' id='line_1_1' title="bbox 138 312 814 406; baseline 0.013 -17"><span class='ocrx_word' id='word_1_1' title='bbox 138 312 169 391; x_wconf 72' lang='lat' dir='ltr'>v.</span> <span class='ocrx_word' id='word_1_2' title='bbox 185 341 252 406; x_wconf 62' lang='grc' dir='ltr'>ιη]</span> <span class='ocrx_word' id='word_1_3' title='bbox 513 332 662 397; x_wconf 85' lang='lat' dir='ltr'>Funeral</span> <span class='ocrx_word' id='word_1_4' title='bbox 684 334 814 399; x_wconf 81' lang='lat' dir='ltr'>Games.</span> 
     </span>
    </p>
   </div>
   <div class='ocr_carea' id='block_1_2' title="bbox 101 516 1106 3897">
    <p class='ocr_par' dir='ltr' id='par_1_2' title="bbox 101 516 1106 3897">
     <span class='ocr_line' id='line_1_2' title="bbox 137 516 1106 596; baseline 0.006 -23"><span class='ocrx_word' id='word_1_5' title='bbox 137 535 195 573; x_wconf 91' lang='lat' dir='ltr'>nec</span> <span class='ocrx_word' id='word_1_6' title='bbox 209 526 308 574; x_wconf 91' lang='lat' dir='ltr'>tecum</span> <span class='ocrx_word' id='word_1_7' title='bbox 322 517 486 575; x_wconf 91' lang='lat' dir='ltr'>Ausonium</span> <span class='ocrx_word' id='word_1_8' title='bbox 505 516 699 593; x_wconf 86' lang='lat' dir='ltr'>(quicumque</span> <span class='ocrx_word' id='word_1_9' title='bbox 714 519 773 594; x_wconf 91' lang='lat' dir='ltr'>est)</span> <span class='ocrx_word' id='word_1_10' title='bbox 792 537 931 594; x_wconf 83' lang='lat' dir='ltr'>quaerere</span> <span class='ocrx_word' id='word_1_11' title='bbox 944 519 1106 596; x_wconf 60' lang='lat' dir='ltr'>&#39;Ibybrimss</span> 
     </span>
     <span class='ocr_line' id='line_1_3' title="bbox 178 614 976 691; baseline 0.006 -20"><span class='ocrx_word' id='word_1_12' title='bbox 178 614 300 672; x_wconf 88' lang='lat' dir='ltr'>Dixerat</span> <span class='ocrx_word' id='word_1_13' title='bbox 313 614 398 685; x_wconf 91' lang='lat' dir='ltr'>haec,</span> <span class='ocrx_word' id='word_1_14' title='bbox 413 614 506 689; x_wconf 87' lang='lat' dir='ltr'>adytis</span> <span class='ocrx_word' id='word_1_15' title='bbox 521 632 589 672; x_wconf 91' lang='lat' dir='ltr'>cum</span> <span class='ocrx_word' id='word_1_16' title='bbox 603 615 730 673; x_wconf 91' lang='lat' dir='ltr'>lubricus</span> <span class='ocrx_word' id='word_1_17' title='bbox 744 618 846 691; x_wconf 89' lang='lat' dir='ltr'>anguis</span> <span class='ocrx_word' id='word_1_18' title='bbox 860 618 898 675; x_wconf 92' lang='lat' dir='ltr'>ab</span> <span class='ocrx_word' id='word_1_19' title='bbox 912 617 976 676; x_wconf 87' lang='lat' dir='ltr'>imis</span> 
     </span>
     <span class='ocr_line' id='line_1_4' title="bbox 136 710 886 787; baseline 0.004 -20"><span class='ocrx_word' id='word_1_20' title='bbox 136 720 252 785; x_wconf 90' lang='lat' dir='ltr'>septem</span> <span class='ocrx_word' id='word_1_21' title='bbox 266 710 369 785; x_wconf 91' lang='lat' dir='ltr'>ingens</span> <span class='ocrx_word' id='word_1_22' title='bbox 384 730 479 787; x_wconf 89' lang='lat' dir='ltr'>gyros,</span> <span class='ocrx_word' id='word_1_23' title='bbox 495 721 617 786; x_wconf 89' lang='lat' dir='ltr'>septena</span> <span class='ocrx_word' id='word_1_24' title='bbox 631 712 778 770; x_wconf 90' lang='lat' dir='ltr'>volumina</span> <span class='ocrx_word' id='word_1_25' title='bbox 791 714 886 785; x_wconf 84' lang='lat' dir='ltr'>traxit,</span> 
     </span>
     <span class='ocr_line' id='line_1_5' title="bbox 136 808 904 885; baseline 0.008 -21"><span class='ocrx_word' id='word_1_26' title='bbox 136 808 289 882; x_wconf 92' lang='lat' dir='ltr'>amplexus</span> <span class='ocrx_word' id='word_1_27' title='bbox 304 808 421 883; x_wconf 91' lang='lat' dir='ltr'>placide</span> <span class='ocrx_word' id='word_1_28' title='bbox 435 808 578 866; x_wconf 90' lang='lat' dir='ltr'>tumulum</span> <span class='ocrx_word' id='word_1_29' title='bbox 594 809 748 884; x_wconf 87' lang='lat' dir='ltr'>lapsusque</span> <span class='ocrx_word' id='word_1_30' title='bbox 763 828 817 885; x_wconf 89' lang='lat' dir='ltr'>per</span> <span class='ocrx_word' id='word_1_31' title='bbox 832 829 904 885; x_wconf 87' lang='lat' dir='ltr'>aras,</span> 
     </span>
     <span class='ocr_line' id='line_1_6' title="bbox 136 906 871 979; baseline 0.005 -17"><span class='ocrx_word' id='word_1_32' title='bbox 136 906 290 962; x_wconf 89' lang='lat' dir='ltr'>caeruleae</span> <span class='ocrx_word' id='word_1_33' title='bbox 305 906 352 962; x_wconf 93' lang='lat' dir='ltr'>cui</span> <span class='ocrx_word' id='word_1_34' title='bbox 368 915 448 979; x_wconf 89' lang='lat' dir='ltr'>terga</span> <span class='ocrx_word' id='word_1_35' title='bbox 461 914 559 976; x_wconf 90' lang='lat' dir='ltr'>notae,</span> <span class='ocrx_word' id='word_1_36' title='bbox 575 906 740 964; x_wconf 89' lang='lat' dir='ltr'>maculosus</span> <span class='ocrx_word' id='word_1_37' title='bbox 755 916 786 963; x_wconf 92' lang='lat' dir='ltr'>et</span> <span class='ocrx_word' id='word_1_38' title='bbox 799 926 871 966; x_wconf 90' lang='lat' dir='ltr'>auro</span> 
     </span>
     <span class='ocr_line' id='line_1_7' title="bbox 135 1002 911 1077; baseline 0.006 -18"><span class='ocrx_word' id='word_1_39' title='bbox 135 1020 291 1077; x_wconf 84' lang='lat' dir='ltr'>squamam</span> <span class='ocrx_word' id='word_1_40' title='bbox 306 1002 484 1060; x_wconf 88' lang='lat' dir='ltr'>incendebat</span> <span class='ocrx_word' id='word_1_41' title='bbox 498 1002 599 1076; x_wconf 81' lang='lat' dir='ltr'>fulgor,</span> <span class='ocrx_word' id='word_1_42' title='bbox 616 1020 672 1059; x_wconf 92' lang='lat' dir='ltr'>ceu</span> <span class='ocrx_word' id='word_1_43' title='bbox 686 1003 812 1062; x_wconf 92' lang='lat' dir='ltr'>nubibus</span> <span class='ocrx_word' id='word_1_44' title='bbox 827 1024 911 1064; x_wconf 91' lang='lat' dir='ltr'>arcus</span> 
     </span>
     <span class='ocr_line' id='line_1_8' title="bbox 135 1084 755 1158; baseline 0.005 -3"><span class='ocrx_word' id='word_1_45' title='bbox 135 1099 213 1156; x_wconf 92' lang='lat' dir='ltr'>mille</span> <span class='ocrx_word' id='word_1_46' title='bbox 228 1098 298 1155; x_wconf 90' lang='lat' dir='ltr'>iacit</span> <span class='ocrx_word' id='word_1_47' title='bbox 311 1099 404 1157; x_wconf 90' lang='lat' dir='ltr'>varios</span> <span class='ocrx_word' id='word_1_48' title='bbox 418 1098 541 1156; x_wconf 92' lang='lat' dir='ltr'>adverso</span> <span class='ocrx_word' id='word_1_49' title='bbox 556 1098 617 1156; x_wconf 91' lang='lat' dir='ltr'>sole</span> <span class='ocrx_word' id='word_1_50' title='bbox 632 1084 755 1158; x_wconf 86' lang='lat' dir='ltr'>colores.</span> 
     </span>
     <span class='ocr_line' id='line_1_9' title="bbox 136 1196 866 1275; baseline 0.001 -19"><span class='ocrx_word' id='word_1_51' title='bbox 136 1196 288 1271; x_wconf 89' lang='lat' dir='ltr'>Obstipuit</span> <span class='ocrx_word' id='word_1_52' title='bbox 302 1196 363 1253; x_wconf 90' lang='lat' dir='ltr'>visu</span> <span class='ocrx_word' id='word_1_53' title='bbox 378 1197 502 1254; x_wconf 88' lang='lat' dir='ltr'>Aeneas.</span> <span class='ocrx_word' id='word_1_54' title='bbox 546 1196 599 1253; x_wconf 93' lang='lat' dir='ltr'>Ille</span> <span class='ocrx_word' id='word_1_55' title='bbox 614 1197 731 1271; x_wconf 88' lang='lat' dir='ltr'>agmine</span> <span class='ocrx_word' id='word_1_56' title='bbox 746 1199 835 1275; x_wconf 92' lang='lat' dir='ltr'>longo</span> <span class='ocrx_word' id='word_1_57' title='bbox 864 1223 866 1226; x_wconf 94' lang='lat'>·</span> 
     </span>
     <span class='ocr_line' id='line_1_10' title="bbox 134 1293 865 1372; baseline 0.007 -21"><span class='ocrx_word' id='word_1_58' title='bbox 134 1293 259 1351; x_wconf 91' lang='lat' dir='ltr'>tandem</span> <span class='ocrx_word' id='word_1_59' title='bbox 274 1294 348 1351; x_wconf 88' lang='lat' dir='ltr'>inter</span> <span class='ocrx_word' id='word_1_60' title='bbox 362 1303 476 1368; x_wconf 90' lang='lat' dir='ltr'>pateras</span> <span class='ocrx_word' id='word_1_61' title='bbox 492 1302 522 1350; x_wconf 93' lang='lat' dir='ltr'>et</span> <span class='ocrx_word' id='word_1_62' title='bbox 536 1294 609 1350; x_wconf 91' lang='lat' dir='ltr'>levia</span> <span class='ocrx_word' id='word_1_63' title='bbox 624 1296 732 1369; x_wconf 90' lang='lat' dir='ltr'>pocula</span> <span class='ocrx_word' id='word_1_64' title='bbox 746 1315 865 1372; x_wconf 89' lang='lat' dir='ltr'>serpens</span> 
     </span>
     <span class='ocr_line' id='line_1_11' title="bbox 134 1390 808 1466; baseline 0.004 -17"><span class='ocrx_word' id='word_1_65' title='bbox 134 1393 293 1466; x_wconf 88' lang='lat' dir='ltr'>libavitque</span> <span class='ocrx_word' id='word_1_66' title='bbox 308 1390 409 1466; x_wconf 91' lang='lat' dir='ltr'>dapes,</span> <span class='ocrx_word' id='word_1_67' title='bbox 424 1407 579 1465; x_wconf 85' lang='lat' dir='ltr'>rursusque</span> <span class='ocrx_word' id='word_1_68' title='bbox 596 1391 732 1450; x_wconf 90' lang='lat' dir='ltr'>innoxius</span> <span class='ocrx_word' id='word_1_69' title='bbox 747 1394 808 1452; x_wconf 93' lang='lat' dir='ltr'>imo</span> 
     </span>
     <span class='ocr_line' id='line_1_12' title="bbox 134 1488 815 1565; baseline 0.001 -17"><span class='ocrx_word' id='word_1_70' title='bbox 134 1490 277 1548; x_wconf 91' lang='lat' dir='ltr'>successit</span> <span class='ocrx_word' id='word_1_71' title='bbox 291 1488 414 1563; x_wconf 87' lang='lat' dir='ltr'>tumul0,</span> <span class='ocrx_word' id='word_1_72' title='bbox 429 1498 458 1545; x_wconf 89' lang='lat' dir='ltr'>et</span> <span class='ocrx_word' id='word_1_73' title='bbox 472 1488 596 1563; x_wconf 90' lang='lat' dir='ltr'>depasta</span> <span class='ocrx_word' id='word_1_74' title='bbox 612 1488 710 1547; x_wconf 88' lang='lat' dir='ltr'>altaria</span> <span class='ocrx_word' id='word_1_75' title='bbox 724 1491 815 1565; x_wconf 84' lang='lat' dir='ltr'>liquit.</span> 
     </span>
     <span class='ocr_line' id='line_1_13' title="bbox 136 1586 906 1661; baseline -0.003 -12"><span class='ocrx_word' id='word_1_76' title='bbox 136 1589 206 1649; x_wconf 90' lang='lat' dir='ltr'>Hoc</span> <span class='ocrx_word' id='word_1_77' title='bbox 225 1586 315 1661; x_wconf 88' lang='lat' dir='ltr'>magis</span> <span class='ocrx_word' id='word_1_78' title='bbox 329 1586 464 1660; x_wconf 91' lang='lat' dir='ltr'>inceptos</span> <span class='ocrx_word' id='word_1_79' title='bbox 479 1586 602 1660; x_wconf 86' lang='lat' dir='ltr'>genitori</span> <span class='ocrx_word' id='word_1_80' title='bbox 617 1586 756 1644; x_wconf 89' lang='lat' dir='ltr'>instaurat</span> <span class='ocrx_word' id='word_1_81' title='bbox 769 1588 906 1661; x_wconf 87' lang='lat' dir='ltr'>honores,</span> 
     </span>
     <span class='ocr_line' id='line_1_14' title="bbox 134 1683 852 1759; baseline -0.001 -15"><span class='ocrx_word' id='word_1_82' title='bbox 134 1686 273 1757; x_wconf 89' lang='lat' dir='ltr'>incertus,</span> <span class='ocrx_word' id='word_1_83' title='bbox 288 1684 445 1759; x_wconf 89' lang='lat' dir='ltr'>geniumne</span> <span class='ocrx_word' id='word_1_84' title='bbox 460 1683 518 1741; x_wconf 92' lang='lat' dir='ltr'>loci</span> <span class='ocrx_word' id='word_1_85' title='bbox 532 1684 711 1741; x_wconf 81' lang='lat' dir='ltr'>famulumne</span> <span class='ocrx_word' id='word_1_86' title='bbox 725 1687 852 1759; x_wconf 88' lang='lat' dir='ltr'>parentis</span> 
     </span>
     <span class='ocr_line' id='line_1_15' title="bbox 135 1780 845 1859; baseline -0.001 -18"><span class='ocrx_word' id='word_1_87' title='bbox 135 1802 198 1841; x_wconf 91' lang='lat' dir='ltr'>esse</span> <span class='ocrx_word' id='word_1_88' title='bbox 213 1794 317 1859; x_wconf 88' lang='lat' dir='ltr'>putet:</span> <span class='ocrx_word' id='word_1_89' title='bbox 341 1782 438 1839; x_wconf 90' lang='lat' dir='ltr'>caedit</span> <span class='ocrx_word' id='word_1_90' title='bbox 453 1781 536 1839; x_wconf 88' lang='lat' dir='ltr'>binas</span> <span class='ocrx_word' id='word_1_91' title='bbox 551 1780 590 1838; x_wconf 92' lang='lat' dir='ltr'>de</span> <span class='ocrx_word' id='word_1_92' title='bbox 605 1800 687 1839; x_wconf 92' lang='lat' dir='ltr'>more</span> <span class='ocrx_word' id='word_1_93' title='bbox 700 1782 845 1856; x_wconf 88' lang='lat' dir='ltr'>bidentes,</span> 
     </span>
     <span class='ocr_line' id='line_1_16' title="bbox 135 1878 889 1957; baseline 0 -18"><span class='ocrx_word' id='word_1_94' title='bbox 135 1891 240 1957; x_wconf 90' lang='lat' dir='ltr'>totque</span> <span class='ocrx_word' id='word_1_95' title='bbox 254 1898 330 1951; x_wconf 91' lang='lat' dir='ltr'>sues,</span> <span class='ocrx_word' id='word_1_96' title='bbox 345 1878 469 1937; x_wconf 91' lang='lat' dir='ltr'>totidem</span> <span class='ocrx_word' id='word_1_97' title='bbox 484 1879 623 1953; x_wconf 83' lang='lat' dir='ltr'>nigrantis</span> <span class='ocrx_word' id='word_1_98' title='bbox 638 1888 719 1954; x_wconf 90' lang='lat' dir='ltr'>terga</span> <span class='ocrx_word' id='word_1_99' title='bbox 732 1880 889 1954; x_wconf 82' lang='lat' dir='ltr'>iuvencos3</span> 
     </span>
     <span class='ocr_line' id='line_1_17' title="bbox 134 1976 891 2053; baseline 0.003 -18"><span class='ocrx_word' id='word_1_100' title='bbox 134 1979 262 2053; x_wconf 92' lang='lat' dir='ltr'>vinaque</span> <span class='ocrx_word' id='word_1_101' title='bbox 277 1976 418 2035; x_wconf 84' lang='lat' dir='ltr'>fundebat</span> <span class='ocrx_word' id='word_1_102' title='bbox 432 1977 548 2051; x_wconf 89' lang='lat' dir='ltr'>pateris,</span> <span class='ocrx_word' id='word_1_103' title='bbox 564 1977 751 2051; x_wconf 90' lang='lat' dir='ltr'>animamque</span> <span class='ocrx_word' id='word_1_104' title='bbox 766 1978 891 2037; x_wconf 84' lang='lat' dir='ltr'>vocabat</span> 
     </span>
     <span class='ocr_line' id='line_1_18' title="bbox 135 2074 910 2151; baseline 0 -17"><span class='ocrx_word' id='word_1_105' title='bbox 135 2076 284 2134; x_wconf 90' lang='lat' dir='ltr'>Anchisae</span> <span class='ocrx_word' id='word_1_106' title='bbox 298 2075 398 2151; x_wconf 90' lang='lat' dir='ltr'>magni</span> <span class='ocrx_word' id='word_1_107' title='bbox 412 2074 568 2149; x_wconf 89' lang='lat' dir='ltr'>Manisque</span> <span class='ocrx_word' id='word_1_108' title='bbox 584 2074 750 2131; x_wconf 89' lang='lat' dir='ltr'>Acheronte</span> <span class='ocrx_word' id='word_1_109' title='bbox 765 2075 910 2134; x_wconf 87' lang='lat' dir='ltr'>remissos.</span> 
     </span>
     <span class='ocr_line' id='line_1_19' title="bbox 137 2170 886 2246; baseline -0.004 -14"><span class='ocrx_word' id='word_1_110' title='bbox 137 2175 202 2231; x_wconf 90' lang='lat' dir='ltr'>Nec</span> <span class='ocrx_word' id='word_1_111' title='bbox 217 2191 280 2231; x_wconf 91' lang='lat' dir='ltr'>non</span> <span class='ocrx_word' id='word_1_112' title='bbox 295 2182 325 2229; x_wconf 92' lang='lat' dir='ltr'>et</span> <span class='ocrx_word' id='word_1_113' title='bbox 339 2172 420 2243; x_wconf 92' lang='lat' dir='ltr'>socii,</span> <span class='ocrx_word' id='word_1_114' title='bbox 436 2189 512 2246; x_wconf 91' lang='lat' dir='ltr'>quae</span> <span class='ocrx_word' id='word_1_115' title='bbox 528 2172 635 2245; x_wconf 91' lang='lat' dir='ltr'>cuique</span> <span class='ocrx_word' id='word_1_116' title='bbox 650 2180 693 2228; x_wconf 90' lang='lat' dir='ltr'>est</span> <span class='ocrx_word' id='word_1_117' title='bbox 709 2170 804 2245; x_wconf 92' lang='lat' dir='ltr'>copia,</span> <span class='ocrx_word' id='word_1_118' title='bbox 818 2171 886 2229; x_wconf 89' lang='lat' dir='ltr'>laeti</span> 
     </span>
     <span class='ocr_line' id='line_1_20' title="bbox 137 2269 940 2343; baseline -0.002 -14"><span class='ocrx_word' id='word_1_119' title='bbox 137 2270 219 2329; x_wconf 88' lang='lat' dir='ltr'>dona</span> <span class='ocrx_word' id='word_1_120' title='bbox 233 2271 337 2341; x_wconf 90' lang='lat' dir='ltr'>serunt,</span> <span class='ocrx_word' id='word_1_121' title='bbox 352 2278 475 2327; x_wconf 87' lang='lat' dir='ltr'>onerant</span> <span class='ocrx_word' id='word_1_122' title='bbox 489 2286 561 2339; x_wconf 89' lang='lat' dir='ltr'>aras,</span> <span class='ocrx_word' id='word_1_123' title='bbox 578 2278 765 2343; x_wconf 90' lang='lat' dir='ltr'>mactantque</span> <span class='ocrx_word' id='word_1_124' title='bbox 779 2269 918 2327; x_wconf 90' lang='lat' dir='ltr'>iuvencos</span> <span class='ocrx_word' id='word_1_125' title='bbox 930 2290 940 2341; x_wconf 84' lang='lat'>;</span> 
     </span>
     <span class='ocr_line' id='line_1_21' title="bbox 136 2366 846 2441; baseline -0.001 -17"><span class='ocrx_word' id='word_1_126' title='bbox 136 2369 241 2426; x_wconf 90' lang='lat' dir='ltr'>ordine</span> <span class='ocrx_word' id='word_1_127' title='bbox 256 2368 331 2425; x_wconf 65' lang='lat' dir='ltr'>aina</span> <span class='ocrx_word' id='word_1_128' title='bbox 344 2368 443 2425; x_wconf 89' lang='lat' dir='ltr'>locant</span> <span class='ocrx_word' id='word_1_129' title='bbox 457 2366 514 2437; x_wconf 90' lang='lat' dir='ltr'>alii,</span> <span class='ocrx_word' id='word_1_130' title='bbox 531 2366 644 2441; x_wconf 87' lang='lat' dir='ltr'>fusique</span> <span class='ocrx_word' id='word_1_131' title='bbox 659 2384 713 2441; x_wconf 89' lang='lat' dir='ltr'>per</span> <span class='ocrx_word' id='word_1_132' title='bbox 726 2366 846 2424; x_wconf 86' lang='lat' dir='ltr'>herbam</span> 
     </span>
     <span class='ocr_line' id='line_1_22' title="bbox 137 2464 836 2539; baseline -0.006 -14"><span class='ocrx_word' id='word_1_133' title='bbox 137 2466 285 2525; x_wconf 88' lang='lat' dir='ltr'>subiciunt</span> <span class='ocrx_word' id='word_1_134' title='bbox 299 2464 413 2523; x_wconf 89' lang='lat' dir='ltr'>veribus</span> <span class='ocrx_word' id='word_1_135' title='bbox 427 2482 533 2539; x_wconf 88' lang='lat' dir='ltr'>prunas</span> <span class='ocrx_word' id='word_1_136' title='bbox 549 2473 578 2520; x_wconf 91' lang='lat' dir='ltr'>et</span> <span class='ocrx_word' id='word_1_137' title='bbox 592 2464 703 2521; x_wconf 90' lang='lat' dir='ltr'>viscera</span> <span class='ocrx_word' id='word_1_138' title='bbox 717 2472 836 2522; x_wconf 89' lang='lat' dir='ltr'>torrent.</span> 
     </span>
     <span class='ocr_line' id='line_1_23' title="bbox 177 2561 864 2639; baseline -0.007 -17"><span class='ocrx_word' id='word_1_139' title='bbox 177 2566 360 2639; x_wconf 86' lang='lat' dir='ltr'>Exspectata</span> <span class='ocrx_word' id='word_1_140' title='bbox 373 2561 436 2620; x_wconf 88' lang='lat' dir='ltr'>dies</span> <span class='ocrx_word' id='word_1_141' title='bbox 451 2561 561 2632; x_wconf 89' lang='lat' dir='ltr'>aderat,</span> <span class='ocrx_word' id='word_1_142' title='bbox 577 2578 746 2635; x_wconf 90' lang='lat' dir='ltr'>nonamque</span> <span class='ocrx_word' id='word_1_143' title='bbox 760 2579 864 2619; x_wconf 90' lang='lat' dir='ltr'>serena</span> 
     </span>
     <span class='ocr_line' id='line_1_24' title="bbox 136 2659 891 2733; baseline -0.005 -14"><span class='ocrx_word' id='word_1_144' title='bbox 136 2663 279 2720; x_wconf 89' lang='lat' dir='ltr'>Auroram</span> <span class='ocrx_word' id='word_1_145' title='bbox 295 2660 484 2719; x_wconf 72' lang='lat' dir='ltr'>Phaethontis</span> <span class='ocrx_word' id='word_1_146' title='bbox 500 2659 568 2733; x_wconf 90' lang='lat' dir='ltr'>equi</span> <span class='ocrx_word' id='word_1_147' title='bbox 583 2659 640 2716; x_wconf 91' lang='lat' dir='ltr'>iam</span> <span class='ocrx_word' id='word_1_148' title='bbox 655 2659 722 2716; x_wconf 91' lang='lat' dir='ltr'>luce</span> <span class='ocrx_word' id='word_1_149' title='bbox 736 2659 891 2730; x_wconf 88' lang='lat' dir='ltr'>vehebant,</span> 
     </span>
     <span class='ocr_line' id='line_1_25' title="bbox 136 2757 821 2833; baseline -0.004 -17"><span class='ocrx_word' id='word_1_150' title='bbox 136 2759 274 2833; x_wconf 84' lang='lat' dir='ltr'>famaque</span> <span class='ocrx_word' id='word_1_151' title='bbox 289 2758 427 2817; x_wconf 88' lang='lat' dir='ltr'>finitimos</span> <span class='ocrx_word' id='word_1_152' title='bbox 444 2766 474 2814; x_wconf 93' lang='lat' dir='ltr'>et</span> <span class='ocrx_word' id='word_1_153' title='bbox 489 2757 558 2813; x_wconf 91' lang='lat' dir='ltr'>clari</span> <span class='ocrx_word' id='word_1_154' title='bbox 573 2774 683 2813; x_wconf 93' lang='lat' dir='ltr'>nomen</span> <span class='ocrx_word' id='word_1_155' title='bbox 696 2758 821 2814; x_wconf 88' lang='lat' dir='ltr'>Acestae</span> 
     </span>
     <span class='ocr_line' id='line_1_26' title="bbox 138 2853 790 2929; baseline -0.005 -16"><span class='ocrx_word' id='word_1_156' title='bbox 138 2858 285 2927; x_wconf 75' lang='lat' dir='ltr'>excierat,</span> <span class='ocrx_word' id='word_1_157' title='bbox 307 2856 384 2913; x_wconf 86' lang='lat' dir='ltr'>laeto</span> <span class='ocrx_word' id='word_1_158' title='bbox 399 2853 579 2929; x_wconf 89' lang='lat' dir='ltr'>complerant</span> <span class='ocrx_word' id='word_1_159' title='bbox 593 2854 678 2911; x_wconf 88' lang='lat' dir='ltr'>litora</span> <span class='ocrx_word' id='word_1_160' title='bbox 692 2862 790 2924; x_wconf 86' lang='lat' dir='ltr'>coetu,</span> 
     </span>
     <span class='ocr_line' id='line_1_27' title="bbox 137 2949 771 3026; baseline -0.003 -17"><span class='ocrx_word' id='word_1_161' title='bbox 137 2953 223 3011; x_wconf 90' lang='lat' dir='ltr'>visuri</span> <span class='ocrx_word' id='word_1_162' title='bbox 239 2950 402 3021; x_wconf 84' lang='lat' dir='ltr'>Aeneadas,</span> <span class='ocrx_word' id='word_1_163' title='bbox 417 2968 483 3026; x_wconf 79' lang='lat' dir='ltr'>pars</span> <span class='ocrx_word' id='word_1_164' title='bbox 499 2960 530 3007; x_wconf 93' lang='lat' dir='ltr'>et</span> <span class='ocrx_word' id='word_1_165' title='bbox 543 2960 654 3008; x_wconf 89' lang='lat' dir='ltr'>certare</span> <span class='ocrx_word' id='word_1_166' title='bbox 669 2949 771 3024; x_wconf 87' lang='lat' dir='ltr'>parati.</span> 
     </span>
     <span class='ocr_line' id='line_1_28' title="bbox 101 3029 925 3124; baseline -0.002 -17"><span class='ocrx_word' id='word_1_167' title='bbox 101 3029 265 3107; x_wconf 40' lang='lat' dir='ltr'>“Munera</span> <span class='ocrx_word' id='word_1_168' title='bbox 278 3049 423 3124; x_wconf 92' lang='lat' dir='ltr'>principio</span> <span class='ocrx_word' id='word_1_169' title='bbox 436 3058 504 3106; x_wconf 89' lang='lat' dir='ltr'>ante</span> <span class='ocrx_word' id='word_1_170' title='bbox 520 3048 622 3105; x_wconf 91' lang='lat' dir='ltr'>oculos</span> <span class='ocrx_word' id='word_1_171' title='bbox 638 3046 777 3121; x_wconf 90' lang='lat' dir='ltr'>circoque</span> <span class='ocrx_word' id='word_1_172' title='bbox 790 3047 925 3105; x_wconf 90' lang='lat' dir='ltr'>locantur</span> 
     </span>
     <span class='ocr_line' id='line_1_29' title="bbox 138 3142 858 3220; baseline -0.004 -17"><span class='ocrx_word' id='word_1_173' title='bbox 138 3146 168 3203; x_wconf 94' lang='lat' dir='ltr'>in</span> <span class='ocrx_word' id='word_1_174' title='bbox 182 3146 292 3217; x_wconf 90' lang='lat' dir='ltr'>medio,</span> <span class='ocrx_word' id='word_1_175' title='bbox 307 3145 381 3203; x_wconf 88' lang='lat' dir='ltr'>sacri</span> <span class='ocrx_word' id='word_1_176' title='bbox 395 3144 526 3220; x_wconf 87' lang='lat' dir='ltr'>tripodes</span> <span class='ocrx_word' id='word_1_177' title='bbox 540 3142 706 3219; x_wconf 90' lang='lat' dir='ltr'>viridesque</span> <span class='ocrx_word' id='word_1_178' title='bbox 721 3162 858 3215; x_wconf 91' lang='lat' dir='ltr'>coronae,</span> 
     </span>
     <span class='ocr_line' id='line_1_30' title="bbox 140 3223 948 3319; baseline 0 -19"><span class='ocrx_word' id='word_1_179' title='bbox 140 3252 168 3301; x_wconf 93' lang='lat' dir='ltr'>et</span> <span class='ocrx_word' id='word_1_180' title='bbox 181 3244 297 3319; x_wconf 90' lang='lat' dir='ltr'>palmae</span> <span class='ocrx_word' id='word_1_181' title='bbox 311 3244 437 3319; x_wconf 90' lang='lat' dir='ltr'>pretium</span> <span class='ocrx_word' id='word_1_182' title='bbox 451 3242 618 3313; x_wconf 90' lang='lat' dir='ltr'>victoribus,</span> <span class='ocrx_word' id='word_1_183' title='bbox 634 3259 772 3316; x_wconf 86' lang='lat' dir='ltr'>armaque</span> <span class='ocrx_word' id='word_1_184' title='bbox 787 3251 817 3299; x_wconf 90' lang='lat' dir='ltr'>et</span> <span class='ocrx_word' id='word_1_185' title='bbox 830 3251 910 3300; x_wconf 87' lang='lat' dir='ltr'>ostro</span> <span class='ocrx_word' id='word_1_186' title='bbox 943 3223 948 3234; x_wconf 38' lang='lat'>³</span> 
     </span>
     <span class='ocr_line' id='line_1_31' title="bbox 139 3339 873 3415; baseline -0.004 -17"><span class='ocrx_word' id='word_1_187' title='bbox 139 3342 270 3415; x_wconf 84' lang='lat' dir='ltr'>perfusae</span> <span class='ocrx_word' id='word_1_188' title='bbox 284 3350 388 3411; x_wconf 91' lang='lat' dir='ltr'>vestes,</span> <span class='ocrx_word' id='word_1_189' title='bbox 403 3340 515 3415; x_wconf 90' lang='lat' dir='ltr'>argenti</span> <span class='ocrx_word' id='word_1_190' title='bbox 528 3339 649 3413; x_wconf 89' lang='lat' dir='ltr'>aurique</span> <span class='ocrx_word' id='word_1_191' title='bbox 664 3339 790 3411; x_wconf 88' lang='lat' dir='ltr'>talenta;</span> <span class='ocrx_word' id='word_1_192' title='bbox 868 3350 873 3385; x_wconf 78' lang='grc' dir='ltr'>ἐ</span> 
     </span>
     <span class='ocr_line' id='line_1_32' title="bbox 140 3433 874 3511; baseline -0.003 -17"><span class='ocrx_word' id='word_1_193' title='bbox 140 3447 169 3495; x_wconf 90' lang='lat' dir='ltr'>et</span> <span class='ocrx_word' id='word_1_194' title='bbox 181 3438 251 3497; x_wconf 89' lang='lat' dir='ltr'>tuba</span> <span class='ocrx_word' id='word_1_195' title='bbox 265 3438 438 3495; x_wconf 92' lang='lat' dir='ltr'>commissos</span> <span class='ocrx_word' id='word_1_196' title='bbox 452 3436 553 3495; x_wconf 91' lang='lat' dir='ltr'>medio</span> <span class='ocrx_word' id='word_1_197' title='bbox 567 3436 647 3494; x_wconf 89' lang='lat' dir='ltr'>canit</span> <span class='ocrx_word' id='word_1_198' title='bbox 660 3453 766 3511; x_wconf 90' lang='lat' dir='ltr'>aggere</span> <span class='ocrx_word' id='word_1_199' title='bbox 780 3433 874 3493; x_wconf 90' lang='lat' dir='ltr'>ludos.</span> 
     </span>
     <span class='ocr_line' id='line_1_33' title="bbox 180 3533 911 3610; baseline -0.003 -17"><span class='ocrx_word' id='word_1_200' title='bbox 180 3536 275 3593; x_wconf 88' lang='lat' dir='ltr'>Prima</span> <span class='ocrx_word' id='word_1_201' title='bbox 288 3552 373 3610; x_wconf 90' lang='lat' dir='ltr'>pares</span> <span class='ocrx_word' id='word_1_202' title='bbox 387 3534 490 3591; x_wconf 91' lang='lat' dir='ltr'>ineunt</span> <span class='ocrx_word' id='word_1_203' title='bbox 503 3534 636 3609; x_wconf 84' lang='lat' dir='ltr'>gravibus</span> <span class='ocrx_word' id='word_1_204' title='bbox 650 3533 811 3590; x_wconf 85' lang='lat' dir='ltr'>certamina</span> <span class='ocrx_word' id='word_1_205' title='bbox 824 3533 911 3591; x_wconf 88' lang='lat' dir='ltr'>remis</span> 
     </span>
     <span class='ocr_line' id='line_1_34' title="bbox 141 3629 815 3704; baseline 0 -17"><span class='ocrx_word' id='word_1_206' title='bbox 141 3640 275 3704; x_wconf 90' lang='lat' dir='ltr'>quattuor</span> <span class='ocrx_word' id='word_1_207' title='bbox 288 3649 326 3688; x_wconf 92' lang='lat' dir='ltr'>ex</span> <span class='ocrx_word' id='word_1_208' title='bbox 339 3630 421 3689; x_wconf 92' lang='lat' dir='ltr'>omni</span> <span class='ocrx_word' id='word_1_209' title='bbox 435 3630 569 3688; x_wconf 87' lang='lat' dir='ltr'>delectae</span> <span class='ocrx_word' id='word_1_210' title='bbox 584 3629 675 3686; x_wconf 90' lang='lat' dir='ltr'>classe</span> <span class='ocrx_word' id='word_1_211' title='bbox 690 3630 815 3687; x_wconf 89' lang='lat' dir='ltr'>carinae.</span> 
     </span>
     <span class='ocr_line' id='line_1_35' title="bbox 141 3726 883 3802; baseline 0 -18"><span class='ocrx_word' id='word_1_212' title='bbox 141 3727 281 3786; x_wconf 88' lang='lat' dir='ltr'>Velocem</span> <span class='ocrx_word' id='word_1_213' title='bbox 295 3727 469 3786; x_wconf 89' lang='lat' dir='ltr'>Mnestheus</span> <span class='ocrx_word' id='word_1_214' title='bbox 483 3727 542 3802; x_wconf 88' lang='lat' dir='ltr'>agit</span> <span class='ocrx_word' id='word_1_215' title='bbox 556 3726 614 3783; x_wconf 88' lang='lat' dir='ltr'>acri</span> <span class='ocrx_word' id='word_1_216' title='bbox 628 3726 738 3801; x_wconf 91' lang='lat' dir='ltr'>remige</span> <span class='ocrx_word' id='word_1_217' title='bbox 753 3727 883 3798; x_wconf 82' lang='lat' dir='ltr'>Pn‘stim,</span> 
     </span>
     <span class='ocr_line' id='line_1_36' title="bbox 143 3822 1023 3897; baseline -0.001 -16"><span class='ocrx_word' id='word_1_218' title='bbox 143 3842 213 3882; x_wconf 85' lang='lat' dir='ltr'>mox</span> <span class='ocrx_word' id='word_1_219' title='bbox 226 3824 315 3883; x_wconf 90' lang='lat' dir='ltr'>Italus</span> <span class='ocrx_word' id='word_1_220' title='bbox 329 3822 513 3893; x_wconf 88' lang='lat' dir='ltr'>Mnestheus,</span> <span class='ocrx_word' id='word_1_221' title='bbox 528 3840 620 3897; x_wconf 88' lang='lat' dir='ltr'>genus</span> <span class='ocrx_word' id='word_1_222' title='bbox 636 3841 727 3897; x_wconf 92' lang='lat' dir='ltr'>aquo</span> <span class='ocrx_word' id='word_1_223' title='bbox 742 3824 863 3888; x_wconf 89' lang='lat' dir='ltr'>nomine</span> <span class='ocrx_word' id='word_1_224' title='bbox 879 3824 1003 3881; x_wconf 91' lang='lat' dir='ltr'>Memmi</span> <span class='ocrx_word' id='word_1_225' title='bbox 1015 3844 1023 3892; x_wconf 83' lang='lat'><em>3</em></span> 
     </span>
    </p>
   </div>
   <div class='ocr_carea' id='block_1_3' title="bbox 0 0 1428 4292">
    <p class='ocr_par' dir='ltr' id='par_1_3' title="bbox 0 0 1428 4292">
     <span class='ocr_line' id='line_1_37' title="bbox 0 0 1428 4292; baseline 0 0"><span class='ocrx_word' id='word_1_226' title='bbox 0 0 1428 4292; x_wconf 95' lang='lat' dir='ltr'> </span> 
     </span>
    </p>
   </div>
  </div>
 </body>
</html>
