2834 4292
162 327 267 394 1.185.]
423 317 574 402 Neptune
598 317 699 384 stills
722 317 776 383 tlte
804 317 835 382 T
831 326 959 401 empest

160 501 210 560 ille
223 503 298 578 regit
312 501 397 561 dictis
412 503 535 574 animos,
550 511 580 560 et
593 511 716 578 pectora
729 502 848 574 mulcet,
856 533 898 544 -

160 599 205 656 sic
220 608 344 658 cunctus
357 600 455 676 pelagi
469 599 577 658 cecidit
591 600 694 675 fragor,
709 617 839 675 aequora
851 608 1010 673 postquam

159 697 345 771 prospiciens
359 698 474 772 genitor
487 697 630 770 caeloque
643 697 777 754 invectus
792 705 895 771 aperto

159 791 253 849 flectit
267 810 369 868 equos,
385 810 529 868 curruque
544 792 645 851 volans
660 793 712 850 dat
725 793 787 851 lora
800 791 945 851 semmdo.

202 889 320 947 Defessi
332 889 501 961 Aeneadae,
519 907 593 966 quae
607 890 742 965 proxima
755 890 848 962 litora,
864 908 951 948 cursu

158 985 347 1044 contendunt
360 997 470 1062 petere,
486 996 515 1044 et
530 987 639 1062 Libyae
653 996 804 1044 vertuntur
817 986 858 1045 ad
872 1005 948 1046 oras.

159 1084 215 1142 Est
230 1083 259 1142 in
273 1101 390 1142 secessu
404 1084 493 1160 longo
507 1084 608 1141 locus:
631 1084 726 1142 insula
738 1093 858 1160 portum

159 1179 251 1238 efficit
265 1182 382 1242 obiectu
397 1180 528 1252 laterum,
544 1181 649 1257 quibus
664 1181 760 1239 omnis
775 1182 813 1241 ab
826 1182 887 1240 alto

157 1278 299 1354 frangitur
312 1279 401 1354 inque
416 1279 495 1338 sinus
510 1278 617 1336 scindit
631 1297 695 1338 sese
711 1279 792 1337 unda
804 1279 954 1339 reductos.

158 1375 243 1434 Hinc
259 1385 346 1452 atque
360 1377 429 1434 hinc
443 1386 541 1434 vastae
556 1395 644 1452 rupes
659 1378 828 1453 geminique
842 1378 991 1435 minantur

157 1473 191 1530 in
205 1473 318 1532 caelum
333 1475 454 1549 scopuli,
470 1491 595 1549 quorum
611 1475 667 1532 sub
680 1475 789 1532 vertice
803 1474 862 1532 late

157 1589 288 1646 aequora
301 1579 364 1628 tuta
377 1571 481 1644 silent,
504 1581 567 1628 tum
581 1571 658 1629 silvis
674 1589 782 1630 scaena
796 1572 926 1630 coruscis

158 1669 289 1743 desuper
301 1668 488 1744 horrentique
503 1678 598 1726 atrum
612 1687 717 1726 nemus
731 1668 865 1726 imminet
879 1668 992 1727 umbra.

159 1767 269 1854 Fronte
284 1767 338 1825 sub
353 1765 474 1824 adversa
488 1766 616 1841 scopulis
631 1764 831 1841 pendentibus
846 1775 970 1837 antrum,

157 1864 237 1921 intus
251 1880 344 1938 aquae
359 1843 461 1920 dulces
476 1863 601 1938 vivoque
617 1861 719 1950 sedilia
734 1879 814 1933 saxo,

158 1961 355 2036 nymphamm
370 1959 496 2020 domus:
519 1959 568 2017 hic
583 1960 673 2018 fessas
686 1976 749 2017 non
763 1958 880 2016 vincula
893 1959 976 2015 navis

157 2058 218 2115 ulla
231 2066 340 2128 tenent,
354 2075 434 2115 unco
447 2075 509 2114 non
524 2056 620 2132 alligat
634 2074 744 2114 ancora
759 2074 869 2137 morsu.

160 2156 232 2212 Huc
247 2163 359 2230 septem
374 2156 489 2212 Aeneas
504 2153 635 2211 collectis
648 2152 772 2213 navibus
786 2153 869 2210 omui

159 2270 197 2310 ex
210 2269 333 2310 numero
346 2250 442 2324 subit;
465 2269 500 2308 ac
515 2269 623 2326 magno
637 2250 746 2308 telluris
760 2267 863 2326 amore

158 2347 268 2424 egressi
282 2357 382 2423 optata
395 2348 546 2424 potiuntur
559 2338 651 2405 Troes
666 2365 765 2419 arena,

159 2455 189 2503 et
203 2445 262 2503 sale
277 2446 401 2504 tabentis
416 2455 493 2504 artus
508 2446 538 2503 in
552 2445 635 2502 litore
649 2452 774 2519 ponunt.

160 2546 203 2600 Ac
216 2543 345 2619 primum
359 2542 431 2600 silici
446 2541 602 2600 scintillam
618 2540 738 2599 excudit
752 2540 891 2612 Achates,

158 2641 350 2716 succepitque
365 2641 463 2716 ignem
477 2639 560 2712 soliis,
578 2649 666 2714 atque
681 2637 763 2696 arida
776 2639 888 2696 circum

158 2739 337 2796 nutrimenta
350 2737 441 2810 dedit,
457 2737 612 2812 rapuitque
629 2735 660 2794 in
673 2735 776 2794 fomite
791 2735 950 2792 flammam.

157 2838 236 2895 Tum
251 2837 389 2896 Cererem
403 2845 571 2910 corruptam
587 2832 674 2892 undis
690 2831 881 2905 Cerealiaque
897 2848 978 2889 arma

158 2933 320 3010 expediunt
333 2933 401 2991 sessi
414 2951 519 3004 rerum,
536 2932 692 3012 frugesque
708 2938 843 3004 receptas

158 3042 187 3090 et
201 3042 311 3090 torrere
324 3039 427 3107 parant
442 3029 566 3089 flammis
582 3038 612 3087 et
626 3029 758 3104 frangere
773 3044 854 3084 saxo.

198 3133 315 3189 Aeneas
329 3129 484 3204 scopulum
498 3128 609 3208 interea
624 3124 809 3195 conscendit,
826 3132 856 3180 et
871 3123 992 3180 omnem

157 3237 349 3304 prospectum
362 3226 420 3284 late
433 3226 539 3301 pelago
554 3223 636 3299 petit,
652 3223 770 3281 Anthea
784 3222 913 3297 siquem

157 3327 298 3384 iactatum
312 3332 400 3382 vento
413 3321 512 3381 videat
527 3320 724 3397 Phrygiasque
739 3319 867 3390 biremis,

157 3431 209 3481 aut
223 3421 337 3497 Capyn,
353 3431 403 3478 aut
416 3419 501 3478 celsis
515 3419 545 3477 in
559 3418 708 3494 puppibus
723 3435 803 3475 arma
817 3414 910 3475 Caici.

158 3519 275 3578 Navem
290 3519 320 3576 in
335 3526 498 3592 conspectu
512 3515 630 3586 nnllam,
646 3515 696 3572 tris
711 3514 795 3572 litore
810 3529 914 3571 cervos

156 3615 299 3700 prospicit
313 3615 452 3690 errantis5
473 3613 527 3673 hos
541 3623 604 3673 tota
618 3620 750 3671 armenta
764 3619 926 3686 sequuntur
1177 3605 1217 3660 1⁸5

228 3772 262 3807 1⁵⁸
273 3775 322 3820 iste.
339 3773 372 3821 H.
430 3771 549 3817 ¹⁰⁴scena.
566 3772 598 3817 H.
677 3769 827 3827 12⁶suscepir.
844 3768 901 3816 Eds.
947 3763 982 3800 1⁸⁶
991 3767 1109 3829 sequntur.
1126 3763 1155 3809 R.

227 3847 355 3907 ²⁶⁰effecr't.
431 3844 465 3880 1²⁸
475 3845 572 3891 harena.
590 3845 618 3891 R.
678 3843 712 3878 ¹⁸¹
723 3844 819 3902 siquem.
834 3843 862 3888 R.
955 3850 960 3859 ‘
