2834 4292
162 307 286 372 ser.x.]
628 295 757 361 Gallus.

160 483 197 540 L.
227 479 386 540 Causando
399 489 515 540 nostros
528 480 559 540 in
573 480 694 557 longum
708 480 792 540 ducis
805 497 940 540 amores:

161 588 192 638 et
204 596 286 636 nunc
300 595 388 636 omne
403 579 455 636 tibi
470 588 591 637 stratum
605 579 670 636 silet
683 596 803 654 aequor,
818 587 848 637 et
861 595 975 649 omnes,

160 676 271 751 aspice,
285 675 400 734 ventosi
414 675 587 735 ceciderunt
600 676 754 734 murmuris
768 693 865 734 aurae.

160 774 245 831 Hinc
258 772 337 831 adeo
350 772 450 830 media
463 782 508 830 est
519 772 605 831 nobis
619 773 686 846 via3
706 789 835 848 namque
849 772 1016 848 sepulcrum

160 870 265 946 incipit
276 869 416 945 adparere
431 869 583 928 Bianoris:
606 869 654 928 hic
668 869 719 928 ubi
733 869 841 927 densas

159 968 306 1043 agricolae
321 968 464 1042 stringunt
477 965 606 1038 frondes,
621 965 678 1037 hic,
695 966 801 1038 Moeri,
815 983 975 1039 canamus3

159 1064 210 1122 hic
223 1063 337 1122 haedos
352 1063 471 1140 depone
483 1085 490 1122 :
502 1071 612 1122 'tamen
626 1062 777 1122 veniemus
790 1063 822 1121 in
834 1062 947 1122 urbem.

159 1163 220 1218 Aut
233 1162 267 1233 si,
281 1179 342 1219 nox
355 1161 483 1237 pluviam
496 1178 535 1219 ne
550 1159 667 1236 colligat
680 1169 758 1230 ante,
773 1175 915 1230 veremur,

159 1267 313 1316 cantantes
328 1258 397 1316 licet
410 1274 503 1333 usque
523 1257 634 1334 (minus
647 1257 695 1314 via
708 1255 814 1332 laedit)
832 1273 954 1330 eamus3

160 1363 312 1413 cantantes
326 1363 360 1413 nt
373 1372 483 1426 eamus,
498 1371 554 1430 ego
570 1353 628 1412 hoc
641 1363 671 1412 te
685 1353 765 1412 fasce
779 1352 894 1412 levabo.
1186 1375 1215 1433 ⁶5

158 1452 207 1510 M.
236 1450 349 1510 Desine
362 1451 454 1527 plura,
469 1467 551 1526 puer,
565 1459 596 1508 et
610 1449 691 1525 quod
705 1467 786 1508 nunc
799 1449 888 1508 instat
900 1467 1040 1525 agamus:

160 1548 291 1607 carmina
304 1557 367 1608 tum
379 1547 492 1621 melius,
507 1547 701 1607 cumvenerit
715 1546 788 1622 ipse,
803 1563 953 1605 canemus.

557 1821 756 1882 ECLOGUE
782 1823 819 1881 X.

201 1983 264 2032 Tan
281 1981 377 2046 elegiae
394 1988 455 2046 poet
471 1982 602 2031 Cornelius
620 1981 716 2041 Gallus,
729 1998 745 2031 a
761 1981 845 2033 friend
862 1981 892 2032 oi
904 1982 994 2046 Virgil,
1006 1981 1058 2032 bad
1074 1983 1140 2032 been
1158 1982 1214 2031 des·

159 2065 272 2129 patched
287 2063 460 2129 (apparently)
476 2071 502 2112 to
519 2064 614 2113 defend
631 2064 674 2114 the
694 2065 786 2113 Italian
802 2072 892 2114 waters
911 2065 976 2114 irom
992 2065 1036 2114 the
1055 2065 1215 2127 ireebooting

160 2146 289 2210 squadron
305 2145 335 2194 ol
349 2145 439 2195 Sextus
457 2145 577 2210 Pompey.
612 2146 644 2194 In
655 2145 695 2194 his
707 2146 826 2204 absence,
838 2146 877 2195 his
888 2146 1104 2196 mistress-bere
1116 2146 1215 2210 spoken

161 2227 192 2276 of
207 2227 288 2276 under
305 2227 348 2275 the
366 2241 441 2275 name
460 2227 660 2289 Lycoris-had
678 2227 744 2276 been
761 2228 897 2278 nniaithfal
914 2237 941 2278 to
958 2228 1019 2287 him,
1031 2229 1083 2278 aud
1100 2228 1151 2276 had
1167 2227 1215 2276 iol·

160 2309 244 2357 lowed
262 2324 277 2358 a
292 2308 386 2358 soldier
398 2309 427 2357 of
441 2309 576 2373 Agrippa's
588 2324 657 2372 army
669 2309 723 2358 into
733 2310 801 2368 Gaul
815 2310 877 2373 (uc,
890 2311 951 2374 37);
972 2311 1024 2360 and
1036 2310 1069 2360 he
1080 2311 1214 2374 requested

161 2392 192 2440 oi
204 2391 285 2454 Virgil
302 2407 318 2441 a
333 2392 445 2455 pastoral
462 2407 547 2456 poem,
558 2391 641 2440 which
658 2392 740 2454 might
757 2392 821 2442 have
839 2393 881 2442 the
898 2393 967 2456 good
984 2393 1042 2442 luet
1060 2399 1087 2441 to
1100 2393 1150 2441 win
1161 2393 1215 2442 him

160 2473 227 2522 bach
239 2473 277 2522 his
288 2473 353 2522 love.
385 2473 441 2522 The
453 2489 529 2538 poem
540 2472 562 2522 is
573 2489 589 2522 a
601 2473 653 2522 free
665 2473 790 2523 imitation
800 2471 829 2522 oi
839 2475 882 2523 the
895 2475 947 2523 first
958 2474 1009 2537 idyl
1021 2475 1051 2524 oi
1059 2475 1214 2528 Theocrito.

243 2607 298 2664 XT
299 2606 456 2666 REMUM
470 2607 559 2678 hunc,
574 2605 728 2678 Arethusa,
743 2607 815 2664 mihi
829 2607 964 2666 concede
979 2608 1129 2668 laborem:

283 2721 380 2778 pauca
392 2721 461 2762 meo
475 2703 571 2776 Gallo,
585 2703 640 2762 sed
653 2722 729 2779 quae
744 2704 821 2780 legat
835 2705 898 2780 ipsa
912 2706 1043 2780 Lycoris,

160 2801 291 2858 carmina
304 2809 371 2858 sunt
385 2800 531 2860 dicenda:
554 2811 642 2878 neget
656 2803 721 2877 quis
735 2804 865 2862 carmina
879 2803 987 2864 Gallo?

160 2898 208 2956 Sic
222 2897 284 2969 tibi,
299 2916 368 2955 cum
382 2897 485 2956 fluctus
499 2898 696 2958 subterlabere
711 2900 843 2972 Sicanos,

160 2995 248 3052 Doris
262 3011 361 3052 amara
374 3012 457 3052 suam
472 3012 533 3054 non
547 2995 745 3056 intermisceat
758 2997 879 3058 undam.

161 3091 264 3165 Incipe
276 3111 285 3163 ;
306 3091 445 3148 sollicitos
458 3092 535 3151 Galli
550 3091 683 3152 dicamus
698 3112 823 3166 amores,

160 3187 232 3245 dum
246 3196 346 3245 tenera
359 3187 515 3246 attondent
529 3188 621 3248 simae
634 3190 757 3264 virgulta
770 3191 909 3267 capellae.

159 3285 231 3342 Non
245 3284 377 3342 canimus
391 3285 505 3357 surdis;
525 3285 707 3360 respondent
720 3288 820 3346 omnia
834 3289 933 3347 silvae.

200 3381 286 3454 Quae
299 3399 430 3453 nemora,
445 3391 494 3440 aut
509 3382 558 3456 qui
572 3401 625 3440 vos
639 3384 726 3441 saltus
741 3383 879 3456 habuere,
893 3387 1008 3461 puellae

160 3477 282 3549 Naides,
297 3476 419 3553 indigno
434 3496 501 3536 cum
517 3478 616 3538 Gallus
631 3497 730 3538 amore
748 3481 882 3555 peribat?

160 3575 239 3633 Nam
252 3591 350 3651 neque
365 3575 484 3633 Parnasi
497 3575 580 3634 vobis
594 3575 671 3653 iuga,
684 3595 754 3635 nam
767 3594 865 3654 neque
881 3578 968 3639 Pindi

361 3774 384 3810 ⁵⁹
394 3776 549 3836 sepulchrum.
565 3777 593 3824 R.
811 3779 833 3814 ¹⁰
843 3781 944 3840 periret.
959 3782 992 3829 ll.
