2834 4292
146 304 195 353 Vl.
208 302 278 368 701.]
384 286 452 354 vlee
474 291 615 373 Elysiam
636 291 771 355 Fielcir:
802 293 973 358 Anchises.

146 478 307 536 Musaeum
321 486 389 537 ante
404 495 515 549 omnes,
530 475 661 535 medium
675 494 745 534 nam
759 477 885 552 plurima
897 478 981 536 hrrba

146 572 228 631 hune
242 574 341 646 habet,
358 583 446 648 atque
470 570 577 631 umeris
598 582 761 632 exstantem
774 575 895 649 suspicit
909 575 991 634 altis:

147 670 276 742 ‘Dicite,
291 671 391 729 felices
405 672 529 751 animae,
544 664 643 743 tuque,
658 671 771 743 optime
784 680 874 742 vates,

146 784 225 843 quae
238 767 320 842 regio
333 767 491 838 Anchisen,
507 766 571 841 quis
584 766 674 825 habet
687 768 792 825 locus?
832 768 913 825 Illius
927 784 998 843 ergo

144 864 291 935 venimuS,
306 872 336 921 et
350 882 472 939 magnos
486 863 575 921 Erebi
588 864 800 922 transnavimus
814 867 935 922 amnes!

144 963 245 1037 Atque
259 960 330 1021 huic
342 978 516 1036 responsum
530 961 632 1036 paucis
646 961 687 1018 ita
700 961 830 1019 reddidit
842 962 950 1021 heros:

146 1058 248 1116 ‘Nulli
262 1066 343 1116 certa
357 1057 482 1129 domus;
503 1057 575 1115 lucis
589 1056 753 1115 habitamus
767 1058 878 1133 opacis,

145 1154 336 1230 riparumque
349 1162 428 1213 toros
442 1162 472 1211 et
485 1162 568 1229 prata
580 1155 711 1213 recentia
724 1155 790 1213 rivis

145 1251 313 1309 incolimus.
355 1249 413 1309 Sed
426 1266 489 1320 vos,
504 1249 528 1307 si
541 1249 596 1307 fert
609 1250 650 1307 ita
663 1249 754 1308 corde
767 1251 910 1322 voluutas,

142 1347 206 1415 ‚hoc
220 1356 356 1422 superate
369 1347 469 1422 iugum
480 1366 489 1418 3
510 1356 541 1405 et
554 1346 631 1405 facili
644 1347 704 1405 iam
718 1348 832 1407 tramite
846 1349 966 1408 sistam}

147 1444 240 1516 Dixit,
255 1452 286 1502 et
299 1452 367 1501 ante
382 1444 445 1501 tulit
460 1460 600 1517 gressum,
614 1460 796 1519 camposque
810 1446 929 1503 nitentis

146 1540 277 1616 desuper
290 1548 436 1611 ostentat;
458 1538 567 1597 dehinc
581 1558 697 1599 summa
710 1543 865 1599 cacumina
878 1542 1023 1617 linquunt.

92 1716 94 1719 Ι
187 1640 227 1695 At
240 1647 325 1713 pater
337 1636 481 1695 Anchises
494 1636 610 1711 penitus
624 1638 758 1696 convalle
771 1639 876 1697 virenti

145 1736 274 1795 inclusas
288 1734 399 1791 animas
413 1750 610 1809 superumque
624 1733 664 1793 ad
677 1734 778 1793 lumen
790 1736 880 1794 ituras

145 1833 287 1893 lustrabat
301 1831 398 1891 studio
412 1831 555 1905 recolens,
570 1850 750 1907 onmemque
765 1850 886 1891 suorum

145 1932 221 1989 forte
234 1930 408 1988 recensebat
421 1947 576 1989 numemm
590 1946 733 2004 carosque
749 1938 883 2005 nepotes,

145 2029 265 2103 fataque
279 2027 466 2102 fortunasque
480 2028 573 2086 virum
587 2045 744 2103 moresque
758 2044 931 2103 manusque.

146 2126 237 2201 Isque
252 2125 303 2185 ubi
316 2125 488 2184 tendentem
501 2125 656 2185 adversum
670 2144 724 2202 per
735 2126 866 2201 gramina
878 2124 959 2185 videt

145 2226 280 2295 Aenean,
294 2223 395 2281 alacris
409 2223 521 2298 palmas
535 2232 671 2299 utrasque
685 2223 820 2297 tetendit,

147 2320 315 2397 effusaeque
330 2320 411 2395 genis
425 2320 571 2393 lacrimae,
585 2330 616 2379 et
628 2339 687 2380 vox
701 2321 811 2380 excidit
824 2338 895 2381 ore:

37 2424 40 2433 '
114 2485 122 2499 Σ
189 2416 320 2476 ‘Venisti
333 2415 464 2489 tandem,
478 2426 587 2493 tuaque
602 2427 772 2493 exspectata
783 2417 899 2493 parenti

146 2514 218 2574 vicit
230 2515 285 2572 iter
298 2512 402 2572 durum
418 2514 532 2589 pietas?
571 2516 667 2575 Datur
680 2533 732 2573 ora
744 2516 827 2588 tueri,

146 2621 225 2685 nate,
240 2620 300 2684 tua,
315 2620 346 2670 et
358 2620 442 2670 notas
456 2610 557 2669 audire
571 2621 601 2671 et
614 2611 739 2671 reddere
753 2613 865 2671 voces?

147 2710 196 2769 Sic
210 2707 349 2785 equidem
365 2707 511 2767 ducebam
525 2710 625 2768 animo
638 2710 780 2785 rebarque
794 2710 932 2783 futurum,

147 2816 286 2882 tempora
296 2805 493 2878 dinumerans,
507 2824 565 2865 nec
579 2823 627 2865 me
641 2824 710 2865 mea
722 2824 793 2864 cura
806 2807 914 2865 fefellit

149 2903 231 2978 Quas
245 2921 302 2979 ego
315 2912 345 2962 te
359 2912 448 2962 terras
463 2912 493 2961 et
506 2914 614 2979 quanta
627 2921 681 2979 per
694 2921 822 2978 aequora
835 2913 954 2961 vectum

148 3001 284 3076 accipio!
305 3002 419 3077 quantis
433 3001 582 3072 iactatum,
597 3010 674 3073 nate,
689 3000 824 3076 periclis!

150 3096 248 3170 Quam
262 3099 362 3170 metui,
376 3116 415 3156 ne
430 3097 503 3173 quid
517 3098 625 3172 Libyae
639 3098 693 3156 tibi
706 3116 797 3172 regna
810 3104 952 3155 nocerent
964 3096 990 3155 l'

150 3194 202 3251 Ille
217 3204 334 3253 autem:
357 3197 440 3253 ‘Tua
453 3213 510 3266 me,
524 3195 647 3269 genitor,
663 3203 714 3251 tua
726 3194 813 3252 tristis
826 3193 934 3269 imago,

149 3289 264 3365 saepius
278 3308 445 3362 occurrens,
459 3290 532 3348 haec
546 3290 646 3348 limina
661 3289 783 3347 tendere
797 3290 915 3364 adegit:

149 3396 226 3444 stant
240 3387 299 3445 sale
313 3388 465 3463 Tyrrheno
479 3388 596 3445 classes.
639 3388 689 3445 Da
702 3388 821 3461 iungere
836 3386 979 3458 deinum,

150 3480 196 3555 da,
211 3484 336 3559 genitor,
351 3493 440 3560 teque
454 3482 590 3558 amplexu
603 3501 642 3541 ne
656 3483 792 3542 subtrahe
806 3483 925 3541 nostro!

150 3580 196 3639 Sic
212 3598 388 3652 memorans,
404 3581 484 3656 largo
498 3580 567 3639 fletu
581 3581 666 3638 simul
679 3598 731 3637 ora
743 3580 863 3655 rigabat

149 3678 208 3735 Ter
221 3687 344 3735 conatus
358 3676 399 3735 ibi
413 3677 490 3735 collo
504 3677 574 3735 dare
588 3677 708 3735 brachia
722 3678 844 3749 circum,

149 3782 193 3832 ter
206 3774 309 3833 frustra
322 3790 499 3849 comprensa
511 3791 615 3863 manus
629 3773 730 3849 effugit
744 3773 852 3851 imago,
