<?xml version="1.0" encoding="UTF-8"?>
<!DOCTYPE html PUBLIC "-//W3C//DTD XHTML 1.0 Transitional//EN"
    "http://www.w3.org/TR/xhtml1/DTD/xhtml1-transitional.dtd">
<html xmlns="http://www.w3.org/1999/xhtml" xml:lang="en" lang="en">
 <head>
  <title>
</title>
<meta http-equiv="Content-Type" content="text/html;charset=utf-8" />
  <meta name='ocr-system' content='tesseract 3.04.00' />
  <meta name='ocr-capabilities' content='ocr_page ocr_carea ocr_par ocr_line ocrx_word'/>
</head>
<body>
  <div class='ocr_page' id='page_1' title='image "./greaterpoemsvir00kittgoog_0093.png"; bbox 0 0 2834 4292; ppageno 0'>
   <div class='ocr_carea' id='block_1_1' title="bbox 164 329 931 415">
    <p class='ocr_par' dir='ltr' id='par_1_1' title="bbox 164 329 931 415">
     <span class='ocr_line' id='line_1_1' title="bbox 164 329 931 415; baseline 0.009 -24"><span class='ocrx_word' id='word_1_1' title='bbox 164 340 201 391; x_wconf 90' lang='lat'>11.</span> <span class='ocrx_word' id='word_1_2' title='bbox 213 339 285 407; x_wconf 69' lang='lat'>4²3]</span> <span class='ocrx_word' id='word_1_3' title='bbox 456 329 641 415; x_wconf 80' lang='lat' dir='ltr'>Slaughter</span> <span class='ocrx_word' id='word_1_4' title='bbox 659 330 696 395; x_wconf 82' lang='lat' dir='ltr'>in</span> <span class='ocrx_word' id='word_1_5' title='bbox 719 330 774 395; x_wconf 80' lang='lat' dir='ltr'>tlte</span> <span class='ocrx_word' id='word_1_6' title='bbox 797 331 931 399; x_wconf 84' lang='lat' dir='ltr'>Streets.</span> 
     </span>
    </p>
   </div>
   <div class='ocr_carea' id='block_1_2' title="bbox 119 514 1060 3797">
    <p class='ocr_par' dir='ltr' id='par_1_2' title="bbox 119 514 1060 3797">
     <span class='ocr_line' id='line_1_2' title="bbox 165 514 980 593; baseline 0.004 -19"><span class='ocrx_word' id='word_1_7' title='bbox 165 528 320 592; x_wconf 89' lang='lat' dir='ltr'>aptemus:</span> <span class='ocrx_word' id='word_1_8' title='bbox 343 514 428 574; x_wconf 86' lang='lat' dir='ltr'>dolus</span> <span class='ocrx_word' id='word_1_9' title='bbox 442 533 481 575; x_wconf 90' lang='lat' dir='ltr'>an</span> <span class='ocrx_word' id='word_1_10' title='bbox 495 516 593 587; x_wconf 87' lang='lat' dir='ltr'>virtus,</span> <span class='ocrx_word' id='word_1_11' title='bbox 609 514 673 590; x_wconf 91' lang='lat' dir='ltr'>quis</span> <span class='ocrx_word' id='word_1_12' title='bbox 686 514 718 574; x_wconf 90' lang='lat' dir='ltr'>in</span> <span class='ocrx_word' id='word_1_13' title='bbox 732 515 818 577; x_wconf 86' lang='lat' dir='ltr'>hoste</span> <span class='ocrx_word' id='word_1_14' title='bbox 831 518 980 593; x_wconf 82' lang='lat' dir='ltr'>requirat?</span> 
     </span>
     <span class='ocr_line' id='line_1_3' title="bbox 164 611 967 688; baseline 0.004 -17"><span class='ocrx_word' id='word_1_15' title='bbox 164 616 255 671; x_wconf 85' lang='lat' dir='ltr'>Anna</span> <span class='ocrx_word' id='word_1_16' title='bbox 269 612 381 671; x_wconf 88' lang='lat' dir='ltr'>dabunt</span> <span class='ocrx_word' id='word_1_17' title='bbox 395 612 470 688; x_wconf 66' lang='lat' dir='ltr'>ipsi!</span> <span class='ocrx_word' id='word_1_18' title='bbox 512 612 559 671; x_wconf 87' lang='lat' dir='ltr'>Sic</span> <span class='ocrx_word' id='word_1_19' title='bbox 574 612 658 683; x_wconf 87' lang='lat' dir='ltr'>satus,</span> <span class='ocrx_word' id='word_1_20' title='bbox 674 611 784 672; x_wconf 90' lang='lat' dir='ltr'>deinde</span> <span class='ocrx_word' id='word_1_21' title='bbox 798 626 967 674; x_wconf 79' lang='lat' dir='ltr'>comantem</span> 
     </span>
     <span class='ocr_line' id='line_1_4' title="bbox 164 709 890 786; baseline 0.003 -18"><span class='ocrx_word' id='word_1_22' title='bbox 164 709 316 786; x_wconf 78' lang='lat' dir='ltr'>Androgei</span> <span class='ocrx_word' id='word_1_23' title='bbox 330 710 442 785; x_wconf 90' lang='lat' dir='ltr'>galeam</span> <span class='ocrx_word' id='word_1_24' title='bbox 457 709 603 785; x_wconf 87' lang='lat' dir='ltr'>clipeique</span> <span class='ocrx_word' id='word_1_25' title='bbox 618 709 732 785; x_wconf 84' lang='lat' dir='ltr'>insigne</span> <span class='ocrx_word' id='word_1_26' title='bbox 746 710 890 769; x_wconf 89' lang='lat' dir='ltr'>decorum</span> 
     </span>
     <span class='ocr_line' id='line_1_5' title="bbox 164 805 959 881; baseline 0.003 -16"><span class='ocrx_word' id='word_1_27' title='bbox 164 807 304 879; x_wconf 86' lang='lat' dir='ltr'>induitur,</span> <span class='ocrx_word' id='word_1_28' title='bbox 319 806 459 881; x_wconf 88' lang='lat' dir='ltr'>laterique</span> <span class='ocrx_word' id='word_1_29' title='bbox 472 806 611 881; x_wconf 89' lang='lat' dir='ltr'>Argivum</span> <span class='ocrx_word' id='word_1_30' title='bbox 625 805 833 865; x_wconf 89' lang='lat' dir='ltr'>accommodat</span> <span class='ocrx_word' id='word_1_31' title='bbox 847 826 959 867; x_wconf 83' lang='lat' dir='ltr'>ensem.</span> 
     </span>
     <span class='ocr_line' id='line_1_6' title="bbox 166 902 996 979; baseline 0.002 -16"><span class='ocrx_word' id='word_1_32' title='bbox 166 906 239 963; x_wconf 92' lang='lat' dir='ltr'>Hoc</span> <span class='ocrx_word' id='word_1_33' title='bbox 254 903 398 979; x_wconf 89' lang='lat' dir='ltr'>Rhipeus,</span> <span class='ocrx_word' id='word_1_34' title='bbox 413 902 471 961; x_wconf 92' lang='lat' dir='ltr'>hoc</span> <span class='ocrx_word' id='word_1_35' title='bbox 485 903 548 979; x_wconf 91' lang='lat' dir='ltr'>ipse</span> <span class='ocrx_word' id='word_1_36' title='bbox 564 904 676 979; x_wconf 91' lang='lat' dir='ltr'>Dymas</span> <span class='ocrx_word' id='word_1_37' title='bbox 689 903 847 979; x_wconf 90' lang='lat' dir='ltr'>omnisque</span> <span class='ocrx_word' id='word_1_38' title='bbox 860 904 996 965; x_wconf 79' lang='lat' dir='ltr'>iuventus</span> 
     </span>
     <span class='ocr_line' id='line_1_7' title="bbox 163 1000 949 1077; baseline 0.003 -18"><span class='ocrx_word' id='word_1_39' title='bbox 163 1001 244 1061; x_wconf 90' lang='lat' dir='ltr'>laeta</span> <span class='ocrx_word' id='word_1_40' title='bbox 256 1002 345 1073; x_wconf 73' lang='lat' dir='ltr'>lacit,</span> <span class='ocrx_word' id='word_1_41' title='bbox 366 1000 467 1077; x_wconf 91' lang='lat' dir='ltr'>spoliis</span> <span class='ocrx_word' id='word_1_42' title='bbox 482 1019 513 1060; x_wconf 91' lang='lat' dir='ltr'>se</span> <span class='ocrx_word' id='word_1_43' title='bbox 529 1000 651 1077; x_wconf 91' lang='lat' dir='ltr'>quisque</span> <span class='ocrx_word' id='word_1_44' title='bbox 665 1000 833 1060; x_wconf 89' lang='lat' dir='ltr'>recentibus</span> <span class='ocrx_word' id='word_1_45' title='bbox 846 1012 949 1061; x_wconf 86' lang='lat' dir='ltr'>armat.</span> 
     </span>
     <span class='ocr_line' id='line_1_8' title="bbox 163 1092 924 1171; baseline 0.003 -16"><span class='ocrx_word' id='word_1_46' title='bbox 163 1092 309 1157; x_wconf 87' lang='lat' dir='ltr'>Vadimus</span> <span class='ocrx_word' id='word_1_47' title='bbox 324 1097 446 1157; x_wconf 87' lang='lat' dir='ltr'>immixti</span> <span class='ocrx_word' id='word_1_48' title='bbox 460 1098 571 1157; x_wconf 87' lang='lat' dir='ltr'>Danais</span> <span class='ocrx_word' id='word_1_49' title='bbox 585 1096 666 1157; x_wconf 90' lang='lat' dir='ltr'>haud</span> <span class='ocrx_word' id='word_1_50' title='bbox 679 1098 800 1157; x_wconf 91' lang='lat' dir='ltr'>numine</span> <span class='ocrx_word' id='word_1_51' title='bbox 813 1108 924 1171; x_wconf 87' lang='lat' dir='ltr'>nostro,</span> 
     </span>
     <span class='ocr_line' id='line_1_9' title="bbox 163 1195 948 1271; baseline 0.003 -18"><span class='ocrx_word' id='word_1_52' title='bbox 163 1195 317 1270; x_wconf 88' lang='lat' dir='ltr'>multaque</span> <span class='ocrx_word' id='word_1_53' title='bbox 331 1213 385 1270; x_wconf 90' lang='lat' dir='ltr'>per</span> <span class='ocrx_word' id='word_1_54' title='bbox 399 1214 520 1253; x_wconf 87' lang='lat' dir='ltr'>caecam</span> <span class='ocrx_word' id='word_1_55' title='bbox 536 1195 686 1271; x_wconf 83' lang='lat' dir='ltr'>congressi</span> <span class='ocrx_word' id='word_1_56' title='bbox 700 1195 814 1271; x_wconf 89' lang='lat' dir='ltr'>proelia</span> <span class='ocrx_word' id='word_1_57' title='bbox 825 1205 948 1255; x_wconf 90' lang='lat' dir='ltr'>noctem</span> 
     </span>
     <span class='ocr_line' id='line_1_10' title="bbox 119 1292 934 1363; baseline 0.005 -14"><span class='ocrx_word' id='word_1_58' title='bbox 119 1327 122 1331; x_wconf 91' lang='lat'><em>-</em></span> <span class='ocrx_word' id='word_1_59' title='bbox 165 1292 356 1363; x_wconf 89' lang='lat' dir='ltr'>conserimus,</span> <span class='ocrx_word' id='word_1_60' title='bbox 371 1293 479 1351; x_wconf 91' lang='lat' dir='ltr'>multos</span> <span class='ocrx_word' id='word_1_61' title='bbox 494 1293 632 1352; x_wconf 87' lang='lat' dir='ltr'>Danaum</span> <span class='ocrx_word' id='word_1_62' title='bbox 646 1292 829 1353; x_wconf 87' lang='lat' dir='ltr'>demittimus</span> <span class='ocrx_word' id='word_1_63' title='bbox 843 1293 934 1355; x_wconf 82' lang='lat' dir='ltr'>orco.</span> 
     </span>
     <span class='ocr_line' id='line_1_11' title="bbox 165 1388 791 1464; baseline 0.005 -17"><span class='ocrx_word' id='word_1_64' title='bbox 165 1388 331 1464; x_wconf 83' lang='lat' dir='ltr'>Diffugiunt</span> <span class='ocrx_word' id='word_1_65' title='bbox 344 1390 391 1447; x_wconf 92' lang='lat' dir='ltr'>alii</span> <span class='ocrx_word' id='word_1_66' title='bbox 405 1390 444 1448; x_wconf 89' lang='lat' dir='ltr'>ad</span> <span class='ocrx_word' id='word_1_67' title='bbox 458 1391 548 1461; x_wconf 87' lang='lat' dir='ltr'>navis,</span> <span class='ocrx_word' id='word_1_68' title='bbox 564 1400 597 1447; x_wconf 88' lang='lat' dir='ltr'>et·</span> <span class='ocrx_word' id='word_1_69' title='bbox 608 1391 691 1449; x_wconf 89' lang='lat' dir='ltr'>litora</span> <span class='ocrx_word' id='word_1_70' title='bbox 704 1410 791 1449; x_wconf 86' lang='lat' dir='ltr'>cursu</span> 
     </span>
     <span class='ocr_line' id='line_1_12' title="bbox 164 1485 875 1565; baseline 0.004 -20"><span class='ocrx_word' id='word_1_71' title='bbox 164 1485 228 1545; x_wconf 89' lang='lat' dir='ltr'>fida</span> <span class='ocrx_word' id='word_1_72' title='bbox 240 1496 362 1562; x_wconf 85' lang='lat' dir='ltr'>petunt:</span> <span class='ocrx_word' id='word_1_73' title='bbox 384 1506 451 1563; x_wconf 86' lang='lat' dir='ltr'>pars</span> <span class='ocrx_word' id='word_1_74' title='bbox 465 1488 615 1562; x_wconf 88' lang='lat' dir='ltr'>ingentem</span> <span class='ocrx_word' id='word_1_75' title='bbox 628 1488 784 1547; x_wconf 81' lang='lat' dir='ltr'>formidine</span> <span class='ocrx_word' id='word_1_76' title='bbox 798 1490 875 1565; x_wconf 88' lang='lat' dir='ltr'>turpi</span> 
     </span>
     <span class='ocr_line' id='line_1_13' title="bbox 164 1583 995 1659; baseline 0.007 -18"><span class='ocrx_word' id='word_1_77' title='bbox 164 1583 316 1642; x_wconf 90' lang='lat' dir='ltr'>scandunt</span> <span class='ocrx_word' id='word_1_78' title='bbox 328 1603 425 1643; x_wconf 90' lang='lat' dir='ltr'>rursus</span> <span class='ocrx_word' id='word_1_79' title='bbox 440 1603 550 1659; x_wconf 89' lang='lat' dir='ltr'>equum</span> <span class='ocrx_word' id='word_1_80' title='bbox 564 1594 593 1642; x_wconf 92' lang='lat' dir='ltr'>et</span> <span class='ocrx_word' id='word_1_81' title='bbox 607 1596 678 1643; x_wconf 89' lang='lat' dir='ltr'>nota</span> <span class='ocrx_word' id='word_1_82' title='bbox 692 1585 861 1644; x_wconf 87' lang='lat' dir='ltr'>conduntur</span> <span class='ocrx_word' id='word_1_83' title='bbox 874 1586 905 1645; x_wconf 87' lang='lat' dir='ltr'>in</span> <span class='ocrx_word' id='word_1_84' title='bbox 918 1586 995 1648; x_wconf 80' lang='lat' dir='ltr'>alvo.</span> 
     </span>
     <span class='ocr_line' id='line_1_14' title="bbox 209 1680 940 1766; baseline 0.005 -28"><span class='ocrx_word' id='word_1_85' title='bbox 209 1682 281 1738; x_wconf 89' lang='lat' dir='ltr'>Heu</span> <span class='ocrx_word' id='word_1_86' title='bbox 294 1680 365 1743; x_wconf 87' lang='lat' dir='ltr'>nihil</span> <span class='ocrx_word' id='word_1_87' title='bbox 380 1681 476 1739; x_wconf 90' lang='lat' dir='ltr'>invitis</span> <span class='ocrx_word' id='word_1_88' title='bbox 489 1682 533 1739; x_wconf 84' lang='lat' dir='ltr'>fas</span> <span class='ocrx_word' id='word_1_89' title='bbox 546 1700 727 1757; x_wconf 91' lang='lat' dir='ltr'>quemquam</span> <span class='ocrx_word' id='word_1_90' title='bbox 739 1682 831 1766; x_wconf 77' lang='lat' dir='ltr'>fidere</span> <span class='ocrx_word' id='word_1_91' title='bbox 845 1682 940 1743; x_wconf 83' lang='lat' dir='ltr'>divisi</span> 
     </span>
     <span class='ocr_line' id='line_1_15' title="bbox 166 1774 792 1855; baseline 0.003 -18"><span class='ocrx_word' id='word_1_92' title='bbox 166 1778 251 1837; x_wconf 92' lang='lat' dir='ltr'>Ecce</span> <span class='ocrx_word' id='word_1_93' title='bbox 265 1776 433 1837; x_wconf 88' lang='lat' dir='ltr'>trahebatur</span> <span class='ocrx_word' id='word_1_94' title='bbox 446 1779 539 1853; x_wconf 86' lang='lat' dir='ltr'>passis</span> <span class='ocrx_word' id='word_1_95' title='bbox 554 1774 704 1838; x_wconf 82' lang='lat' dir='ltr'>Priameia&#39;</span> <span class='ocrx_word' id='word_1_96' title='bbox 710 1780 792 1855; x_wconf 87' lang='lat' dir='ltr'>virgo</span> 
     </span>
     <span class='ocr_line' id='line_1_16' title="bbox 166 1875 982 1953; baseline 0.005 -20"><span class='ocrx_word' id='word_1_97' title='bbox 166 1875 297 1934; x_wconf 86' lang='lat' dir='ltr'>crinibus</span> <span class='ocrx_word' id='word_1_98' title='bbox 311 1892 329 1932; x_wconf 91' lang='lat' dir='ltr'>a</span> <span class='ocrx_word' id='word_1_99' title='bbox 341 1876 454 1950; x_wconf 90' lang='lat' dir='ltr'>templo</span> <span class='ocrx_word' id='word_1_100' title='bbox 469 1875 635 1935; x_wconf 84' lang='lat' dir='ltr'>Cassandra</span> <span class='ocrx_word' id='word_1_101' title='bbox 648 1876 803 1953; x_wconf 86' lang='lat' dir='ltr'>adytisque</span> <span class='ocrx_word' id='word_1_102' title='bbox 818 1877 982 1950; x_wconf 81' lang='lat' dir='ltr'>Minervae,</span> 
     </span>
     <span class='ocr_line' id='line_1_17' title="bbox 164 1970 924 2045; baseline 0.004 -15"><span class='ocrx_word' id='word_1_103' title='bbox 164 1971 207 2030; x_wconf 84' lang='lat' dir='ltr'>ad</span> <span class='ocrx_word' id='word_1_104' title='bbox 223 1972 335 2029; x_wconf 89' lang='lat' dir='ltr'>caelum</span> <span class='ocrx_word' id='word_1_105' title='bbox 350 1970 476 2031; x_wconf 91' lang='lat' dir='ltr'>tendens</span> <span class='ocrx_word' id='word_1_106' title='bbox 491 1972 624 2031; x_wconf 89' lang='lat' dir='ltr'>ardentia</span> <span class='ocrx_word' id='word_1_107' title='bbox 637 1974 749 2031; x_wconf 90' lang='lat' dir='ltr'>lumina</span> <span class='ocrx_word' id='word_1_108' title='bbox 761 1973 924 2045; x_wconf 83' lang='lat' dir='ltr'>frustra,-</span> 
     </span>
     <span class='ocr_line' id='line_1_18' title="bbox 165 2068 923 2146; baseline 0.005 -19"><span class='ocrx_word' id='word_1_109' title='bbox 165 2068 288 2140; x_wconf 89' lang='lat' dir='ltr'>lumina,</span> <span class='ocrx_word' id='word_1_110' title='bbox 302 2086 372 2129; x_wconf 91' lang='lat' dir='ltr'>nam</span> <span class='ocrx_word' id='word_1_111' title='bbox 387 2079 503 2127; x_wconf 88' lang='lat' dir='ltr'>teneras</span> <span class='ocrx_word' id='word_1_112' title='bbox 516 2070 659 2129; x_wconf 88' lang='lat' dir='ltr'>arcebant</span> <span class='ocrx_word' id='word_1_113' title='bbox 672 2070 788 2129; x_wconf 88' lang='lat' dir='ltr'>vincula</span> <span class='ocrx_word' id='word_1_114' title='bbox 802 2071 923 2146; x_wconf 87' lang='lat' dir='ltr'>palmas.</span> 
     </span>
     <span class='ocr_line' id='line_1_19' title="bbox 166 2166 1060 2243; baseline 0.002 -18"><span class='ocrx_word' id='word_1_115' title='bbox 166 2166 241 2225; x_wconf 90' lang='lat' dir='ltr'>Non</span> <span class='ocrx_word' id='word_1_116' title='bbox 254 2166 319 2224; x_wconf 86' lang='lat' dir='ltr'>tulit</span> <span class='ocrx_word' id='word_1_117' title='bbox 333 2166 410 2224; x_wconf 91' lang='lat' dir='ltr'>hanc</span> <span class='ocrx_word' id='word_1_118' title='bbox 424 2167 556 2241; x_wconf 91' lang='lat' dir='ltr'>speciem</span> <span class='ocrx_word' id='word_1_119' title='bbox 570 2167 674 2225; x_wconf 80' lang='lat' dir='ltr'>furiata</span> <span class='ocrx_word' id='word_1_120' title='bbox 687 2178 787 2227; x_wconf 90' lang='lat' dir='ltr'>mente</span> <span class='ocrx_word' id='word_1_121' title='bbox 801 2168 965 2243; x_wconf 89' lang='lat' dir='ltr'>Coroebus,</span> <span class='ocrx_word' id='word_1_122' title='bbox 1055 2234 1060 2243; x_wconf 49' lang='grc'><strong><em>,</em></strong></span> 
     </span>
     <span class='ocr_line' id='line_1_20' title="bbox 166 2261 871 2341; baseline 0.004 -19"><span class='ocrx_word' id='word_1_123' title='bbox 166 2272 200 2322; x_wconf 89' lang='lat' dir='ltr'>et</span> <span class='ocrx_word' id='word_1_124' title='bbox 214 2280 277 2321; x_wconf 86' lang='lat' dir='ltr'>sese</span> <span class='ocrx_word' id='word_1_125' title='bbox 292 2261 424 2321; x_wconf 89' lang='lat' dir='ltr'>medium</span> <span class='ocrx_word' id='word_1_126' title='bbox 438 2263 539 2323; x_wconf 91' lang='lat' dir='ltr'>iniecit</span> <span class='ocrx_word' id='word_1_127' title='bbox 552 2264 696 2339; x_wconf 85' lang='lat' dir='ltr'>periturus</span> <span class='ocrx_word' id='word_1_128' title='bbox 709 2265 741 2323; x_wconf 89' lang='lat' dir='ltr'>in</span> <span class='ocrx_word' id='word_1_129' title='bbox 753 2284 871 2341; x_wconf 87' lang='lat' dir='ltr'>agmen.</span> 
     </span>
     <span class='ocr_line' id='line_1_21' title="bbox 166 2358 955 2435; baseline 0.003 -16"><span class='ocrx_word' id='word_1_130' title='bbox 166 2358 386 2435; x_wconf 88' lang='lat' dir='ltr'>Consequimur</span> <span class='ocrx_word' id='word_1_131' title='bbox 399 2360 498 2419; x_wconf 89' lang='lat' dir='ltr'>cuncti</span> <span class='ocrx_word' id='word_1_132' title='bbox 513 2369 543 2419; x_wconf 87' lang='lat' dir='ltr'>et</span> <span class='ocrx_word' id='word_1_133' title='bbox 557 2359 656 2419; x_wconf 90' lang='lat' dir='ltr'>densis</span> <span class='ocrx_word' id='word_1_134' title='bbox 670 2362 844 2421; x_wconf 87' lang='lat' dir='ltr'>incurrimus</span> <span class='ocrx_word' id='word_1_135' title='bbox 856 2362 955 2422; x_wconf 88' lang='lat' dir='ltr'>armis.</span> 
     </span>
     <span class='ocr_line' id='line_1_22' title="bbox 211 2456 887 2531; baseline 0.004 -16"><span class='ocrx_word' id='word_1_136' title='bbox 211 2457 273 2515; x_wconf 89' lang='lat' dir='ltr'>Hic</span> <span class='ocrx_word' id='word_1_137' title='bbox 286 2456 413 2531; x_wconf 92' lang='lat' dir='ltr'>primum</span> <span class='ocrx_word' id='word_1_138' title='bbox 427 2475 465 2515; x_wconf 87' lang='lat' dir='ltr'>ex</span> <span class='ocrx_word' id='word_1_139' title='bbox 478 2457 538 2515; x_wconf 87' lang='lat' dir='ltr'>alto</span> <span class='ocrx_word' id='word_1_140' title='bbox 552 2456 665 2517; x_wconf 87' lang='lat' dir='ltr'>delubri</span> <span class='ocrx_word' id='word_1_141' title='bbox 679 2459 808 2517; x_wconf 89' lang='lat' dir='ltr'>culmine</span> <span class='ocrx_word' id='word_1_142' title='bbox 822 2460 887 2519; x_wconf 90' lang='lat' dir='ltr'>telis</span> 
     </span>
     <span class='ocr_line' id='line_1_23' title="bbox 166 2554 967 2636; baseline 0.004 -23"><span class='ocrx_word' id='word_1_143' title='bbox 166 2554 506 2636; x_wconf 24' lang='lat' dir='ltr'>nostrorum-obruimur,</span> <span class='ocrx_word' id='word_1_144' title='bbox 522 2554 671 2629; x_wconf 90' lang='lat' dir='ltr'>oriturque</span> <span class='ocrx_word' id='word_1_145' title='bbox 686 2555 848 2614; x_wconf 87' lang='lat' dir='ltr'>miserrima</span> <span class='ocrx_word' id='word_1_146' title='bbox 857 2555 967 2616; x_wconf 88' lang='lat' dir='ltr'>caedes</span> 
     </span>
     <span class='ocr_line' id='line_1_24' title="bbox 167 2650 887 2712; baseline 0.001 -1"><span class='ocrx_word' id='word_1_147' title='bbox 167 2668 317 2711; x_wconf 82' lang='lat' dir='ltr'>armorum</span> <span class='ocrx_word' id='word_1_148' title='bbox 331 2650 406 2709; x_wconf 83' lang='lat' dir='ltr'>facie</span> <span class='ocrx_word' id='word_1_149' title='bbox 421 2661 451 2709; x_wconf 89' lang='lat' dir='ltr'>et</span> <span class='ocrx_word' id='word_1_150' title='bbox 465 2652 619 2710; x_wconf 87' lang='lat' dir='ltr'>Graiarum</span> <span class='ocrx_word' id='word_1_151' title='bbox 634 2669 731 2711; x_wconf 87' lang='lat' dir='ltr'>errore</span> <span class='ocrx_word' id='word_1_152' title='bbox 745 2654 887 2712; x_wconf 84' lang='lat' dir='ltr'>iubarum.</span> 
     </span>
     <span class='ocr_line' id='line_1_25' title="bbox 166 2748 906 2825; baseline 0.003 -18"><span class='ocrx_word' id='word_1_153' title='bbox 166 2749 247 2807; x_wconf 92' lang='lat' dir='ltr'>Tum</span> <span class='ocrx_word' id='word_1_154' title='bbox 263 2748 358 2805; x_wconf 87' lang='lat' dir='ltr'>Danai</span> <span class='ocrx_word' id='word_1_155' title='bbox 371 2748 481 2823; x_wconf 92' lang='lat' dir='ltr'>gemitu</span> <span class='ocrx_word' id='word_1_156' title='bbox 495 2758 584 2825; x_wconf 89' lang='lat' dir='ltr'>atque</span> <span class='ocrx_word' id='word_1_157' title='bbox 598 2758 717 2824; x_wconf 88' lang='lat' dir='ltr'>ereptae</span> <span class='ocrx_word' id='word_1_158' title='bbox 730 2750 849 2825; x_wconf 88' lang='lat' dir='ltr'>virginis</span> <span class='ocrx_word' id='word_1_159' title='bbox 862 2751 906 2809; x_wconf 87' lang='lat' dir='ltr'>ira</span> 
     </span>
     <span class='ocr_line' id='line_1_26' title="bbox 168 2843 869 2919; baseline 0.004 -17"><span class='ocrx_word' id='word_1_160' title='bbox 168 2843 302 2919; x_wconf 91' lang='lat' dir='ltr'>undique</span> <span class='ocrx_word' id='word_1_161' title='bbox 316 2845 433 2903; x_wconf 91' lang='lat' dir='ltr'>collecti</span> <span class='ocrx_word' id='word_1_162' title='bbox 447 2844 599 2917; x_wconf 86' lang='lat' dir='ltr'>invadunt,</span> <span class='ocrx_word' id='word_1_163' title='bbox 614 2846 773 2905; x_wconf 85' lang='lat' dir='ltr'>acerrimus</span> <span class='ocrx_word' id='word_1_164' title='bbox 785 2847 869 2917; x_wconf 85' lang='lat' dir='ltr'>Aiax,</span> 
     </span>
     <span class='ocr_line' id='line_1_27' title="bbox 169 2941 981 3019; baseline 0.004 -18"><span class='ocrx_word' id='word_1_165' title='bbox 169 2952 200 3001; x_wconf 92' lang='lat' dir='ltr'>et</span> <span class='ocrx_word' id='word_1_166' title='bbox 213 2942 323 3019; x_wconf 86' lang='lat' dir='ltr'>gemini</span> <span class='ocrx_word' id='word_1_167' title='bbox 334 2941 463 3013; x_wconf 88' lang='lat' dir='ltr'>Atridae,</span> <span class='ocrx_word' id='word_1_168' title='bbox 479 2942 691 3019; x_wconf 86' lang='lat' dir='ltr'>Dolopumque</span> <span class='ocrx_word' id='word_1_169' title='bbox 706 2944 850 3003; x_wconf 87' lang='lat' dir='ltr'>exercitus</span> <span class='ocrx_word' id='word_1_170' title='bbox 864 2944 981 3019; x_wconf 83' lang='lat' dir='ltr'>omnis;</span> 
     </span>
     <span class='ocr_line' id='line_1_28' title="bbox 167 3038 842 3129; baseline 0.003 -32"><span class='ocrx_word' id='word_1_171' title='bbox 167 3038 283 3097; x_wconf 88' lang='lat' dir='ltr'>adversi</span> <span class='ocrx_word' id='word_1_172' title='bbox 297 3048 383 3115; x_wconf 90' lang='lat' dir='ltr'>rupto</span> <span class='ocrx_word' id='word_1_173' title='bbox 397 3057 452 3097; x_wconf 89' lang='lat' dir='ltr'>ceu</span> <span class='ocrx_word' id='word_1_174' title='bbox 467 3039 619 3129; x_wconf 76' lang='lat' dir='ltr'>quondam</span> <span class='ocrx_word' id='word_1_175' title='bbox 634 3040 749 3099; x_wconf 88' lang='lat' dir='ltr'>turbine</span> <span class='ocrx_word' id='word_1_176' title='bbox 762 3041 842 3099; x_wconf 89' lang='lat' dir='ltr'>venti</span> 
     </span>
     <span class='ocr_line' id='line_1_29' title="bbox 168 3136 973 3215; baseline 0.006 -20"><span class='ocrx_word' id='word_1_177' title='bbox 168 3136 339 3213; x_wconf 88' lang='lat' dir='ltr'>confligunt,</span> <span class='ocrx_word' id='word_1_178' title='bbox 353 3137 561 3214; x_wconf 86' lang='lat' dir='ltr'>Zephymsque</span> <span class='ocrx_word' id='word_1_179' title='bbox 578 3140 734 3215; x_wconf 89' lang='lat' dir='ltr'>Notusque</span> <span class='ocrx_word' id='word_1_180' title='bbox 748 3147 778 3197; x_wconf 91' lang='lat' dir='ltr'>et</span> <span class='ocrx_word' id='word_1_181' title='bbox 791 3140 884 3198; x_wconf 89' lang='lat' dir='ltr'>laetus</span> <span class='ocrx_word' id='word_1_182' title='bbox 899 3140 973 3201; x_wconf 83' lang='lat' dir='ltr'>Eois</span> 
     </span>
     <span class='ocr_line' id='line_1_30' title="bbox 169 3233 939 3311; baseline 0.003 -18"><span class='ocrx_word' id='word_1_183' title='bbox 169 3236 267 3293; x_wconf 91' lang='lat' dir='ltr'>Eurus</span> <span class='ocrx_word' id='word_1_184' title='bbox 281 3235 384 3310; x_wconf 91' lang='lat' dir='ltr'>equis;</span> <span class='ocrx_word' id='word_1_185' title='bbox 405 3233 529 3295; x_wconf 85' lang='lat' dir='ltr'>stridunt</span> <span class='ocrx_word' id='word_1_186' title='bbox 543 3234 640 3306; x_wconf 86' lang='lat' dir='ltr'>silvae,</span> <span class='ocrx_word' id='word_1_187' title='bbox 655 3236 806 3311; x_wconf 85' lang='lat' dir='ltr'>saevitque</span> <span class='ocrx_word' id='word_1_188' title='bbox 819 3235 939 3295; x_wconf 88' lang='lat' dir='ltr'>tridenti</span> 
     </span>
     <span class='ocr_line' id='line_1_31' title="bbox 169 3332 946 3408; baseline 0.004 -17"><span class='ocrx_word' id='word_1_189' title='bbox 169 3349 309 3408; x_wconf 89' lang='lat' dir='ltr'>spumeus</span> <span class='ocrx_word' id='word_1_190' title='bbox 324 3342 411 3406; x_wconf 87' lang='lat' dir='ltr'>atque</span> <span class='ocrx_word' id='word_1_191' title='bbox 425 3332 486 3390; x_wconf 91' lang='lat' dir='ltr'>imo</span> <span class='ocrx_word' id='word_1_192' title='bbox 501 3333 616 3391; x_wconf 81' lang='lat' dir='ltr'>Nereus</span> <span class='ocrx_word' id='word_1_193' title='bbox 629 3334 688 3393; x_wconf 89' lang='lat' dir='ltr'>ciet</span> <span class='ocrx_word' id='word_1_194' title='bbox 701 3350 831 3408; x_wconf 84' lang='lat' dir='ltr'>aequora</span> <span class='ocrx_word' id='word_1_195' title='bbox 843 3332 946 3395; x_wconf 80' lang='lat' dir='ltr'>fundo.</span> 
     </span>
     <span class='ocr_line' id='line_1_32' title="bbox 171 3429 915 3505; baseline 0.005 -18"><span class='ocrx_word' id='word_1_196' title='bbox 171 3429 216 3487; x_wconf 88' lang='lat' dir='ltr'>Illi</span> <span class='ocrx_word' id='word_1_197' title='bbox 231 3429 329 3498; x_wconf 88' lang='lat' dir='ltr'>etiam,</span> <span class='ocrx_word' id='word_1_198' title='bbox 343 3429 367 3487; x_wconf 89' lang='lat' dir='ltr'>si</span> <span class='ocrx_word' id='word_1_199' title='bbox 381 3447 456 3503; x_wconf 91' lang='lat' dir='ltr'>quos</span> <span class='ocrx_word' id='word_1_200' title='bbox 471 3430 597 3489; x_wconf 85' lang='lat' dir='ltr'>obscura</span> <span class='ocrx_word' id='word_1_201' title='bbox 609 3439 698 3488; x_wconf 91' lang='lat' dir='ltr'>nocte</span> <span class='ocrx_word' id='word_1_202' title='bbox 713 3448 767 3505; x_wconf 91' lang='lat' dir='ltr'>per</span> <span class='ocrx_word' id='word_1_203' title='bbox 780 3431 915 3491; x_wconf 87' lang='lat' dir='ltr'>umbram</span> 
     </span>
     <span class='ocr_line' id='line_1_33' title="bbox 170 3524 842 3602; baseline 0.001 -17"><span class='ocrx_word' id='word_1_204' title='bbox 170 3524 299 3585; x_wconf 84' lang='lat' dir='ltr'>fudimus</span> <span class='ocrx_word' id='word_1_205' title='bbox 315 3524 425 3585; x_wconf 91' lang='lat' dir='ltr'>insidiis</span> <span class='ocrx_word' id='word_1_206' title='bbox 440 3536 560 3601; x_wconf 87' lang='lat' dir='ltr'>totaque</span> <span class='ocrx_word' id='word_1_207' title='bbox 575 3528 746 3602; x_wconf 87' lang='lat' dir='ltr'>agitavimus</span> <span class='ocrx_word' id='word_1_208' title='bbox 761 3527 842 3599; x_wconf 88' lang='lat' dir='ltr'>urbe,</span> 
     </span>
     <span class='ocr_line' id='line_1_34' title="bbox 170 3624 833 3699; baseline 0.003 -18"><span class='ocrx_word' id='word_1_209' title='bbox 170 3633 333 3699; x_wconf 88' lang='lat' dir='ltr'>apparent;</span> <span class='ocrx_word' id='word_1_210' title='bbox 355 3624 440 3699; x_wconf 90' lang='lat' dir='ltr'>primi</span> <span class='ocrx_word' id='word_1_211' title='bbox 455 3624 566 3699; x_wconf 88' lang='lat' dir='ltr'>clipeos</span> <span class='ocrx_word' id='word_1_212' title='bbox 581 3625 760 3697; x_wconf 87' lang='lat' dir='ltr'>mentitaque</span> <span class='ocrx_word' id='word_1_213' title='bbox 774 3624 833 3683; x_wconf 86' lang='lat' dir='ltr'>tela</span> 
     </span>
     <span class='ocr_line' id='line_1_35' title="bbox 170 3719 925 3797; baseline 0.004 -17"><span class='ocrx_word' id='word_1_214' title='bbox 170 3719 366 3796; x_wconf 87' lang='lat' dir='ltr'>adgnoscunt,</span> <span class='ocrx_word' id='word_1_215' title='bbox 381 3729 468 3797; x_wconf 90' lang='lat' dir='ltr'>atque</span> <span class='ocrx_word' id='word_1_216' title='bbox 483 3738 535 3779; x_wconf 85' lang='lat' dir='ltr'>ora</span> <span class='ocrx_word' id='word_1_217' title='bbox 548 3738 623 3779; x_wconf 90' lang='lat' dir='ltr'>sono</span> <span class='ocrx_word' id='word_1_218' title='bbox 637 3719 786 3779; x_wconf 87' lang='lat' dir='ltr'>discordia</span> <span class='ocrx_word' id='word_1_219' title='bbox 800 3722 925 3797; x_wconf 82' lang='lat' dir='ltr'>signant.</span> 
     </span>
    </p>
   </div>
   <div class='ocr_carea' id='block_1_3' title="bbox 601 3845 793 3897">
    <p class='ocr_par' dir='ltr' id='par_1_3' title="bbox 601 3845 793 3897">
     <span class='ocr_line' id='line_1_36' title="bbox 601 3845 793 3897; baseline -0.005 -4"><span class='ocrx_word' id='word_1_220' title='bbox 601 3845 635 3881; x_wconf 59' lang='grc' dir='ltr'><em>Μ</em></span> <span class='ocrx_word' id='word_1_221' title='bbox 645 3847 749 3895; x_wconf 78' lang='lat' dir='ltr'>Priami.</span> <span class='ocrx_word' id='word_1_222' title='bbox 764 3848 793 3897; x_wconf 86' lang='lat' dir='ltr'>R.</span> 
     </span>
    </p>
   </div>
   <div class='ocr_carea' id='block_1_4' title="bbox 0 0 1429 4292">
    <p class='ocr_par' dir='ltr' id='par_1_4' title="bbox 0 0 1429 4292">
     <span class='ocr_line' id='line_1_37' title="bbox 0 0 1429 4292; baseline 0 0"><span class='ocrx_word' id='word_1_223' title='bbox 0 0 1429 4292; x_wconf 95' lang='lat' dir='ltr'> </span> 
     </span>
    </p>
   </div>
  </div>
 </body>
</html>
