2834 4292
216 286 275 365 176
525 301 571 353 vl.
602 287 668 350 The
689 288 811 351 Lower
832 290 947 355 World.
1139 301 1261 366 [AEusrn.

215 467 284 546 [par
297 469 407 529 levibus
420 470 514 529 ventis
528 471 697 545 volucrique
712 471 856 529 simillima
868 470 1001 553 somno]

252 568 368 625 Interea
381 566 462 625 videt
475 570 591 625 Aeneas
605 568 636 625 in
649 568 722 625 valle
737 568 859 627 reducta

210 664 355 721 seclusum
369 682 474 721 nemus
489 674 519 721 et
532 664 653 738 virgulta
665 667 799 723 sonantia
811 668 897 739 silvis,

210 760 440 834 lethaeumque,
456 759 560 818 domos
575 761 705 835 placidas
721 764 771 836 qui
785 772 945 837 praenatat,
959 782 1087 825 amnem.

210 858 302 914 Hunc
317 856 427 913 circum
441 857 610 914 innumerae
625 868 727 931 gentes
742 859 903 933 populique
917 861 1054 919 volabaut
1062 882 1073 935 3

209 952 380 1010 ac-velut
393 952 423 1009 in
438 954 525 1027 pratis
540 954 589 1011 ubi
604 972 674 1028 apes
689 963 798 1012 aestate
813 974 918 1013 serena

208 1050 325 1107 floribus
340 1049 469 1107 insidunt
483 1051 574 1121 variiS,
590 1061 620 1107 et
634 1051 762 1108 candida
777 1052 887 1110 circum

207 1147 265 1205 lilia
279 1146 594 1222 funduntur-strepit
608 1149 703 1205 omnis
718 1167 863 1207 murmure
877 1167 1009 1226 campus.

208 1244 362 1302 Horrescit
376 1244 438 1301 visu
452 1243 559 1315 subito,
573 1262 734 1319 causasque
748 1247 867 1320 requirit

207 1341 314 1398 inscius
329 1342 454 1410 Aeneas,
469 1358 544 1415 quae
559 1342 616 1399 sint
632 1358 667 1398 ea
681 1342 801 1400 flumina
814 1362 912 1418 porro,

207 1439 292 1513 quive
308 1437 359 1495 viri
372 1446 454 1494 tanto
468 1437 644 1512 complerint
658 1439 774 1513 agmine
788 1441 874 1515 ripas.

246 1536 323 1592 Tum
337 1544 420 1609 pater
433 1535 594 1593 Anchises:
619 1537 766 1609 ‘Animae,
782 1539 887 1613 quibus
901 1540 990 1597 altera
1002 1540 1064 1599 fato

206 1650 331 1706 corpora
344 1630 497 1703 debentur,
513 1632 634 1691 Lethaei
649 1633 687 1691 ad
702 1634 828 1692 fluminis
841 1634 952 1694 undam

206 1747 323 1787 securos
337 1728 438 1786 latices
453 1738 483 1786 et
496 1728 583 1803 longa
599 1730 705 1789 oblivia
720 1740 831 1806 potant.

210 1825 291 1903 [Has
306 1825 445 1901 equidem
459 1844 621 1885 memorare
638 1828 691 1885 tibi
705 1837 793 1902 atque
808 1828 963 1887 ostendere
978 1828 1104 1909 coram]

205 1922 379 1999 iampridem
394 1923 471 1981 hanc
486 1924 599 1999 prolem
615 1926 702 2000 cupio
718 1943 887 1984 enumerare
901 1945 1044 1999 meorum,

206 2042 265 2098 quo
279 2026 370 2099 magis
386 2025 470 2083 Italia
484 2042 601 2082 mecum
617 2023 723 2081 laetere
739 2025 871 2098 reperta’

206 2121 252 2179 ‘O
266 2131 357 2195 pater,
373 2140 448 2179 anne
463 2122 572 2197 aliquas
587 2120 626 2178 ad
640 2121 755 2177 caelum
770 2121 838 2178 hinc
853 2121 894 2179 ire
908 2120 1071 2196 putandum
1085 2132 1129 2181 est

206 2219 339 2277 sublimis'
349 2219 469 2289 animas,
484 2220 646 2293 iterumque
662 2218 699 2275 ad
715 2217 798 2275 tarda
811 2220 914 2276 reverti

205 2318 350 2391 corpora?
391 2317 474 2390 Quae
489 2317 560 2374 lucis
576 2316 686 2373 miseris
701 2325 761 2373 tam
776 2315 838 2373 dira
852 2316 999 2391 cupido?'

205 2414 330 2471 ‘Dicam
345 2413 491 2489 equidem,
507 2431 563 2470 nec
578 2423 606 2471 te
622 2431 806 2487 suspensum,
820 2423 898 2485 nate,
912 2414 1039 2473 tenebo'

205 2512 326 2585 suscipit
339 2512 491 2581 Anchises,
507 2521 596 2585 atque
612 2508 716 2568 ordine
731 2510 843 2585 singula
855 2509 970 2586 pandit.

246 2608 410 2682 ‘Principio
425 2607 537 2665 caelum
553 2624 588 2665 ac
604 2616 692 2665 terras
708 2624 888 2683 camposque
901 2607 1038 2683 liquentis

204 2706 410 2779 lucentemque
425 2704 546 2779 globum
561 2704 661 2762 Lunae
676 2704 850 2779 Titaniaque
864 2714 940 2763 astra

205 2803 320 2877 spiritus
335 2803 410 2859 intus
425 2802 483 2873 alit,
498 2811 648 2876 totamque
664 2799 760 2859 infusa
773 2819 826 2876 per
840 2812 917 2860 artus

204 2918 289 2956 mens
303 2899 392 2973 agitat
406 2899 514 2957 molem
530 2908 559 2956 et
573 2916 682 2972 magno
696 2916 728 2955 se
744 2916 866 2973 corpore
880 2900 993 2958 miscet.

206 2995 280 3054 Inde
296 2996 448 3054 hominum
462 2994 671 3069 pecudumque
686 3013 788 3070 genus,
804 2997 939 3071 vitaeque
952 2996 1111 3077 volanum,

205 3103 234 3151 et
249 3111 323 3168 quae
338 3110 502 3151 marmoreo
517 3092 571 3149 fert
587 3104 718 3150 monstra
730 3094 785 3151 sub
800 3110 927 3167 aequore
941 3103 1059 3169 pontus.

205 3192 313 3265 Igneus
328 3200 372 3247 est
386 3190 448 3248 ollis
462 3190 543 3263 vigor
557 3199 586 3246 et
601 3190 733 3247 caelestis
748 3190 830 3265 on'go

205 3288 372 3358 seminibus,
387 3296 529 3361 quantum
544 3305 604 3344 non
618 3287 706 3344 noxia
721 3304 844 3361 corpora
857 3286 982 3359 tardant,

205 3385 368 3458 terrenique
383 3384 522 3442 hebetant
537 3394 614 3441 artus
628 3383 861 3458 moribundaque
875 3385 1016 3444 membra.

205 3482 286 3539 Hinc
301 3490 434 3538 metuunt
450 3482 638 3555 cupiuntque,
654 3481 757 3539 dolent
770 3479 967 3558 gaudentque,
982 3500 1080 3559 neque
1093 3500 1177 3543 auras

165 3644 169 3655 ,
205 3578 364 3652 dispiciunt
378 3577 492 3634 clausae
508 3578 635 3635 tenebris
650 3587 679 3634 et
694 3595 810 3635 carcere
826 3595 927 3637 caeco.

204 3676 284 3749 Quin
299 3685 327 3732 et
342 3691 479 3749 supremo
494 3693 562 3732 cum
577 3676 686 3732 lumine
700 3676 760 3732 vita
772 3675 897 3751 reliquit,
1210 3687 1254 3734 735
1318 3698 1321 3703 ·

232 3802 265 3837 ⁷⁰⁴
275 3804 357 3848 silvae.
373 3804 401 3849 R.
435 3801 468 3835 ⁷24
478 3807 574 3848 terram.
590 3803 618 3849 R.
653 3802 686 3837 ⁷⁸1
696 3810 795 3862 corpora
805 3806 886 3851 noxia.
902 3806 930 3853 R.
966 3804 1225 3865 mresptciunwutg.
