2834 4292
140 331 176 380 v.
192 330 270 396 661.].
320 318 389 383 fris
412 282 498 383 eid}
521 319 575 383 the
599 318 731 385 Women
752 318 830 384 Fire
851 319 906 385 tlte
929 320 1037 404 Ships.

140 504 305 580 sideraque
318 522 457 563 emensae
470 504 597 577 ferimur,
611 503 683 563 dum
696 522 750 580 per
762 522 842 563 mare
855 523 995 581 maguum

141 602 266 659 Italiam
280 602 429 676 sequimur
443 601 612 677 fugientem,
627 611 658 661 et
670 601 812 661 volvimur
824 602 920 661 undis.

139 700 211 757 Hic
226 700 328 773 Erycis
342 699 416 759 fines
429 698 555 770 fraterni,
571 708 660 774 atque
674 698 782 772 hospes
797 701 938 759 Acestes:

137 797 213 871 quis
226 794 363 870 prohibet
376 814 475 853 muros
489 796 585 853 iacere
600 806 629 855 et
643 795 714 857 dare
728 796 840 855 civibus
854 797 979 855 urbem?

138 894 171 953 Ο
188 893 284 968 patria
298 901 328 950 et
341 892 416 967 rapti
431 894 610 967 nequiquam
626 910 662 949 ex
677 892 761 951 hoste
777 894 912 964 Penates,

136 990 263 1049 nullane
277 990 336 1048 iam
350 990 455 1051 Troiae
468 976 608 1049 'dicentur
621 990 761 1049 moenia?
801 991 956 1065 Nusquam

137 1088 314 1145 Hectoreos
328 1106 439 1157 amnes,
454 1087 605 1147 Xanthum
621 1097 650 1147 et
665 1087 824 1158 Simoenta,
837 1087 968 1146 videbo?

137 1184 228 1258 Quin
241 1184 317 1259 agite
333 1194 361 1242 et
376 1203 495 1243 mecum
508 1184 647 1243 infaustas
662 1185 772 1243 exurite
787 1201 912 1259 puppes.

136 1282 225 1339 Nam
240 1281 310 1347 mihi
325 1280 507 1341 Cassandrae
521 1298 575 1356 per
589 1299 727 1340 somnum
740 1282 813 1339 vatis
827 1281 926 1356 imago

135 1377 279 1436 ardentes
293 1377 364 1437 dare
377 1378 439 1437 visa
453 1379 551 1437 faces:
572 1379 635 1437 Hic
649 1378 781 1453 quaerite
797 1378 918 1438 Troiam
926 1400 940 1444 ,-

136 1475 190 1533 hic
204 1476 307 1533 domus
321 1483 367 1533 est
377 1474 470 1549 inquit
485 1475 574 1535 vobis.
617 1476 682 1533 Iam
695 1484 813 1550 tempus
827 1474 874 1551 agi
887 1493 944 1549 res,

135 1590 198 1630 nec
214 1572 300 1629 tantis
315 1590 397 1634 mora
410 1571 559 1647 prodigiis.
603 1572 651 1629 En
665 1581 802 1647 quattuor
814 1590 882 1631 arae

136 1670 305 1743 Neptuno;
327 1667 401 1726 deus
415 1668 478 1743 ipse
493 1668 574 1729 faces
590 1668 782 1743 animumque
795 1669 958 1729 ministrat'

181 1767 459 1837 Haecmemorans,
474 1766 568 1840 prima
582 1766 729 1825 infensum
743 1766 771 1825 vi
785 1766 905 1841 corripit
917 1766 1026 1842 ignem,

136 1863 311 1937 sublataque
326 1863 428 1937 procul
443 1861 546 1920 dextra
560 1862 667 1923 conixa
683 1873 827 1937 coruscat,

137 1970 168 2019 et
182 1960 271 2018 iacit:
293 1969 422 2017 arrectae
436 1969 550 2021 mentes
567 1960 788 2035 stupefactaque
804 1958 896 2020 corda

136 2057 277 2116 Iliadum.
319 2057 380 2114 Hic
395 2075 454 2114 una
467 2074 484 2117 e
500 2056 607 2128 multis,
621 2074 697 2132 quae
713 2058 842 2117 marina
853 2068 935 2132 natu,

137 2156 244 2229 Pyrgo,
259 2162 303 2211 tot
318 2153 424 2217 Priami
437 2162 573 2214 natomm
585 2154 667 2228 regia
679 2156 793 2217 nunu:

136 2252 230 2309 ‘Non
244 2250 338 2308 Beroe
352 2250 444 2322 vobis,
459 2268 521 2313 non
535 2250 609 2311 haec
625 2252 782 2325 Rhoeteia,
797 2265 913 2328 matres,

136 2358 183 2406 est
197 2347 319 2423 Dorycli
332 2346 480 2419 coniunx3
502 2346 594 2407 divini
607 2348 690 2423 signa
706 2349 823 2411 decoris

137 2444 333 2519 ardentesque
348 2452 449 2507 notate
462 2443 586 2518 oeulos3
607 2445 657 2520 qui
672 2448 788 2523 spiritus
804 2450 853 2524 illi,

137 2543 190 2618 qni
201 2542 307 2614 voltus,
320 2542 461 2616 vocisque
476 2560 575 2613 senua,
590 2544 639 2601 vel
652 2563 768 2619 gressus
783 2549 873 2608 eunti.

137 2640 208 2715 Ipsa
222 2649 340 2715 egomet
354 2638 468 2703 dudum
483 2639 599 2703 Beroen
613 2640 744 2718 digressa
758 2645 862 2721 reliqui

137 2754 263 2812 aegram,
278 2736 490 2811 indignantem,
506 2736 557 2799 tali
572 2738 654 2813 quod
670 2742 732 2801 sola
747 2753 859 2803 careret

137 2850 268 2904 munere,
282 2850 340 2891 nec
353 2834 472 2891 meritos
486 2835 634 2899 Anchisae
651 2838 770 2899 inferret
784 2839 932 2903 honores!

137 2932 226 2988 Haec
241 2929 337 2988 effata.

176 3030 216 3086 At
230 3037 337 3085 matres
351 3028 446 3104 primo
460 3032 612 3107 ancipites,
631 3034 783 3109 oculisque
798 3035 932 3111 malignis

45 3166 47 3171 .
137 3125 291 3200 ambiguae
305 3135 439 3201 spectare
454 3138 530 3191 rates
546 3130 684 3189 miserum
699 3131 775 3191 iuter
786 3150 920 3195 amorem

137 3222 296 3295 praesentis
311 3232 403 3281 terrae
418 3224 541 3300 fatisque
555 3228 691 3287 vocantia
704 3246 804 3304 regna,

138 3335 206 3377 cum
221 3318 279 3377 dea
292 3337 323 3377 se
324 3321 456 3395 paribus
471 3340 524 3397 per
539 3323 654 3383 eaelum
669 3327 781 3385 sustulit
794 3328 857 3400 alis,

138 3416 346 3491 ingentemque
361 3418 429 3492 fuga
443 3419 537 3480 secuit
552 3420 607 3481 sub
621 3421 748 3481 nubibus
762 3441 872 3486 arcum

138 3512 214 3571 Tum
227 3530 297 3571 vero
312 3514 453 3572 attonitae
467 3517 604 3577 monstris
619 3527 761 3595 actaeque
775 3521 871 3583 furore

140 3610 333 3683 conclamant,
348 3612 523 3687 rapiuntque
538 3613 612 3673 focis
629 3617 826 3691 penetralibus
840 3619 959 3695 iguem3

140 3724 202 3782 pars
217 3708 344 3784 spoliant
357 3726 430 3781 aras,
445 3709 581 3774 frondem
595 3729 631 3771 ac
645 3712 767 3789 virgulta
780 3714 917 3791 facesque

368 3836 401 3873 ⁸⁸1
412 3838 476 3899 quid.
492 3838 525 3889 H.
762 3842 795 3877 ⁶¹⁰
806 3845 918 3893 animant.
933 3845 962 3891 R.
