2834 4292
141 322 192 373 111.
205 320 274 388 392]
362 311 591 377 Andromache
612 312 686 376 and
703 312 758 376 tlte
779 313 866 376 New
885 313 976 396 Troy.

142 501 149 529 ¹
161 498 339 574 Troiugena,
354 498 495 573 interpres
510 497 618 570 divom,
634 498 684 573 qui
697 498 819 556 numina
833 498 956 571 Phoebi,

141 596 194 671 qui
208 595 347 671 tripodas,
363 595 450 654 Clarii
464 595 567 667 laurus,
584 596 633 670 qui
648 595 743 654 sidera
757 596 856 667 sentis,

140 702 172 749 et
187 694 338 749 volucrum
352 692 463 767 linguas
478 702 507 749 et
521 692 667 767 praepetis
682 693 782 750 omina
795 710 921 767 pennae,

139 790 202 847 fare
217 807 271 863 age
281 808 453 864 -namque
468 808 588 847 omnem
603 806 720 847 cursum
736 790 807 847 mihi
821 808 961 866 prospera
973 790 1048 849 dixit

139 885 255 961 religio,
271 894 300 943 et
315 886 414 943 cuncti
428 896 578 943 suaserunt
593 885 714 943 numine
729 885 789 943 divi

141 984 260 1041 Italiam
274 993 374 1058 petere
389 993 419 1040 et
433 992 522 1040 terras
536 992 679 1057 temptare
695 993 844 1057 repostas:

140 1082 208 1140 sola
221 1100 331 1139 novum
346 1080 485 1155 dictuque
501 1082 581 1138 nefas
598 1082 730 1171 Harpyia
744 1082 876 1141 Celaeno

140 1178 312 1254 prodigium
327 1178 413 1247 canit,
430 1188 458 1235 et
473 1178 559 1235 tristis
575 1178 728 1235 denuntiat
742 1179 806 1245 iras

140 1277 364 1349 obscenamque
378 1276 487 1332 samem
498 1294 624 1350 -quae
639 1276 732 1350 prima
746 1276 874 1352 pericula
887 1276 971 1335 vito?

142 1372 264 1447 Quidve
279 1391 405 1447 sequens
420 1382 515 1429 tantos
531 1374 641 1447 possim
655 1392 791 1449 superare
805 1374 958 1431 labores?'

184 1470 249 1528 Hic
266 1470 409 1541 Helenus,
426 1470 517 1527 caesis
532 1471 658 1544 primum
673 1470 711 1527 de
727 1489 808 1528 more
823 1472 963 1543 iuvencis,

142 1578 247 1626 exorat
261 1586 366 1642 pacem
381 1566 491 1638 divom,
506 1568 650 1641 vittasque
663 1568 782 1625 resolvit

141 1666 250 1724 sacrati
265 1665 377 1740 capitis
393 1683 500 1739 meque
515 1664 554 1722 ad
568 1676 619 1722 tua
631 1664 740 1736 limina,
756 1664 885 1736 Phoebe,

141 1764 208 1839 ipse
224 1782 312 1820 manu
327 1763 419 1819 multo
433 1780 607 1836 suspensum
622 1764 741 1820 numine
756 1762 846 1833 ducit,

142 1872 233 1936 atque
249 1860 323 1917 haec
339 1858 448 1917 deinde
463 1860 543 1916 canit
556 1858 655 1917 divino
670 1878 706 1916 ex
720 1878 770 1917 ore
786 1858 943 1919 sacerdos:

185 1963 194 1989 ‘
208 1958 286 2015 Nate
300 1956 367 2027 dea,
377 1975 495 2014 -nam
510 1966 538 2015 te
553 1956 710 2014 maioribus
724 1957 765 2013 ire
779 1974 833 2031 per
847 1956 938 2015 altum

142 2055 283 2130 auspiciis
297 2052 451 2111 manifesta
464 2053 537 2111 fides
550 2074 556 2111 :
579 2054 621 2111 sic
634 2054 694 2111 sata
707 2053 798 2110 deum
811 2071 863 2111 rex

144 2153 272 2223 sortitur,
287 2150 433 2225 volvitque
449 2152 548 2223 vices;
570 2151 594 2209 is
608 2152 727 2209 vertitur
740 2150 863 2208 ordo—-

144 2262 244 2325 pauca
257 2248 309 2306 tibi
323 2266 340 2305 e
355 2247 460 2319 multis,
476 2266 536 2322 quo
551 2248 641 2305 tutior
653 2247 769 2322 hospita
782 2248 885 2305 lustres

144 2364 277 2421 aequora
291 2356 320 2403 et
335 2346 465 2403 Ausonio
480 2346 574 2419 possis
590 2344 743 2403 considere
758 2354 855 2420 portu,

145 2443 305 2520 expediam
320 2443 423 2516 dictis;
445 2442 603 2518 prohibent
617 2460 686 2499 nam
700 2451 799 2499 cetera
813 2444 922 2499 Parcae

145 2543 223 2600 scire
239 2541 390 2599 Helenum
415 2541 526 2616 farique
541 2549 619 2597 vetat
634 2540 766 2597 Saturnia
781 2540 867 2596 Iuno.

146 2639 296 2713 Principio
313 2639 435 2710 Italiam,
447 2656 538 2713 quam
552 2648 584 2695 tu
600 2638 658 2695 iam
673 2654 736 2694 rere
751 2637 948 2711 propinquam

146 2740 328 2811 vicinosque,
344 2737 450 2811 ignare,
466 2754 550 2811 paras
566 2734 703 2792 invadere
718 2744 828 2809 portus,

145 2836 237 2913 lopga
251 2835 353 2910 procul
368 2834 460 2911 longis
475 2834 522 2891 via
536 2832 639 2890 dividit
654 2832 731 2889 invia
744 2832 835 2888 terris.

147 2938 225 2992 Ante
241 2944 271 2991 et
283 2932 432 2989 Trinacria
446 2930 601 2989 lentandus
615 2948 713 2989 remus
728 2929 759 2986 in
772 2927 863 2999 unda,

148 3042 178 3089 et
192 3032 260 3089 salis
276 3030 395 3087 Ausonii
410 3029 591 3087 lustrandum
606 3028 728 3086 navibus
744 3043 864 3099 aequor,

148 3128 311 3202 insemique
326 3127 415 3199 lacus,
431 3130 605 3201 Aeaeaeque
620 3126 713 3184 insula
728 3125 843 3195 Circae,

149 3246 238 3303 quam
253 3235 315 3284 tuta
328 3227 423 3300 possis
437 3225 539 3284 urbem
554 3242 735 3299 componere
751 3233 844 3280 terra:

152 3328 236 3402 signa
254 3325 307 3383 tibi
327 3323 435 3410 dicam,
451 3332 482 3380 tu
497 3322 617 3381 condita
632 3331 731 3378 mente
746 3330 867 3378 teneto:

151 3440 219 3478 cum
234 3422 286 3478 tibi
301 3421 423 3477 sollicito
438 3421 543 3477 secreti
557 3419 595 3476 ad
611 3418 736 3476 fluminis
750 3416 863 3475 undam

150 3518 257 3575 litoreis
272 3518 374 3591 ingens
389 3518 506 3573 inventa
519 3517 573 3573 sub
588 3517 699 3573 ilicibus
715 3534 765 3573 sus

122 3596 124 3603 ¹
150 3600 267 3689 triginta
281 3614 411 3689 capitum
425 3613 500 3670 fetus
516 3614 601 3669 enixa
614 3612 730 3680 iacebit,

152 3711 226 3783 alba,
242 3710 305 3769 solo
319 3710 471 3781 recubans,
487 3710 544 3767 albi
559 3709 669 3767 circum
685 3708 775 3765 ubera
788 3706 858 3774 nati,

325 3836 360 3871 ⁸⁶⁰
370 3838 459 3882 lauros.
475 3837 508 3884 H.
666 3834 798 3893 ³⁶1pinnae
810 3835 872 3892 (and
882 3834 990 3893 always).
1007 3836 1035 3882 R.
