2834 4292
219 255 264 336 64
548 274 583 322 11.
606 255 673 320 Tlee
692 256 773 320 Fall
791 259 832 340 os
853 257 885 321 Τ
880 279 945 341 roy.
1147 269 1277 334 [AExsrn

220 447 321 500 noster
334 440 399 513 eris,
413 439 544 516 mihique
559 441 633 500 haec
647 441 778 500 edissere
791 459 862 500 vera
873 443 1006 520 roganti:

221 538 291 612 Quo
305 538 414 596 molem
429 537 506 596 hanc
521 539 655 596 immanis
669 539 738 613 equi
751 541 901 597 statuere?
940 540 1015 614 Quis
1027 542 1154 600 auctor?
1234 553 1280 599 ¹⁵0
1388 538 1389 557 ¹

134 662 137 668 ·
221 634 338 709 Quidve
353 635 478 710 petunt?
520 636 604 708 Quae
617 636 731 710 religio,
744 645 795 695 aut
808 653 885 710 quae
899 637 1038 698 machina
1050 637 1158 698 belli?'

221 731 351 790 Dixerat.
394 732 456 803 Ille,
471 731 547 789 dolis
562 733 718 790 instructus
732 743 763 790 et
776 742 837 790 arte
852 733 982 809 Pelasga,

220 829 333 886 sustulit
347 839 449 886 exutas
463 829 563 887 vinclis
577 828 616 886 ad
630 828 728 886 sidera
740 829 865 904 palmas:

262 927 349 996 ‘Vos,
364 925 474 984 aeterni
488 927 579 1002 ignes,
594 935 624 984 et
637 943 699 984 non
713 926 847 984 violabile
861 936 990 988 vestrum

220 1031 311 1081 testor
323 1023 451 1080 numen’
466 1022 506 1080 ait
521 1026 590 1080 ‘vos
604 1040 670 1080 arae
685 1039 831 1101 ensesque
844 1024 974 1096 nefandi,

221 1138 296 1194 quos
309 1120 378 1194 iugi,
393 1119 539 1194 vittaeque
554 1117 653 1190 deum,
669 1138 742 1194 quas
756 1120 851 1179 hostia
863 1123 959 1196 gessi:

221 1217 263 1274 las
277 1217 347 1274 mihi
363 1217 517 1276 Graiorum
532 1226 644 1274 sacrata
656 1218 800 1275 resolvere
815 1218 886 1290 iura,

221 1315 264 1371 ias
277 1312 375 1372 odisse
390 1313 474 1384 viros,
489 1323 577 1388 atque
592 1315 692 1373 omnia
705 1313 780 1371 ferre
794 1315 850 1374 sub
862 1333 957 1386 auras,

221 1409 244 1468 si
259 1427 318 1485 qua
330 1419 450 1486 tegunt3
472 1419 574 1468 teneor
587 1412 697 1485 patriae
711 1428 768 1468 nec
782 1411 893 1486 legibus
907 1413 980 1471 ullis

220 1509 266 1565 Tu
281 1506 373 1565 modo
388 1508 536 1583 promissis
551 1525 678 1578 maneas,
693 1518 862 1584 servataque
876 1527 975 1586 serpes

220 1605 308 1664 Troia
322 1605 422 1677 fidem,
437 1606 461 1663 si
475 1623 543 1663 vera
556 1606 655 1678 leram,
671 1606 695 1663 si
709 1624 816 1682 magna
827 1607 1001 1682 rependam.

263 1703 385 1763 ‘Omnis
399 1721 466 1778 spes
482 1703 619 1762 Danaum
632 1714 661 1761 et
675 1704 775 1779 coepti
789 1703 899 1762 fiducia
911 1704 990 1762 belli

222 1799 346 1860 Palladis
360 1799 471 1858 auxiliis
485 1817 601 1876 semper
615 1801 702 1858 stetit.
745 1802 858 1875 Impius
872 1818 909 1859 ex
922 1819 984 1876 quo

220 1897 352 1973 Tydides
366 1895 420 1956 sed
434 1897 513 1956 enim
527 1897 730 1973 scelerumque
744 1899 878 1957 inventor
892 1898 1002 1971 lllixes,

220 1995 307 2054 fatale
320 1994 450 2071 adgressi
464 2004 577 2052 sacrato
591 1995 714 2054 avellere
728 1996 840 2069 templo

223 2091 392 2165 Palladium,
407 2091 500 2152 caesis
515 2110 646 2150 summae
662 2092 835 2152 custodibus
846 2093 930 2163 arcis,

221 2191 387 2265 corripuere
401 2209 514 2248 sacram
529 2189 664 2266 effigiem,
678 2191 871 2265 manibusque
885 2191 1016 2249 cruentis

221 2289 364 2363 virgineas
374 2289 437 2347 ausi
451 2287 536 2347 divae
551 2288 823 2363 contingererrittas
831 2309 841 2360 ;

222 2403 259 2444 ex
273 2386 321 2443 illo
335 2385 424 2444 fluere
438 2403 474 2444 ac
488 2395 566 2443 retro
581 2385 717 2461 sublapsa
729 2386 827 2444 referri

223 2501 291 2558 spes
305 2484 451 2554 Danaum,
466 2483 575 2541 fractae
590 2483 673 2552 vires,
689 2501 790 2541 aversa
802 2482 877 2541 deae
891 2499 985 2540 ruens.

224 2581 290 2638 Nec
305 2579 400 2639 dubiis
415 2597 452 2638 ea
464 2581 546 2656 signa
560 2579 644 2638 dedit
657 2581 790 2638 Tritonia
804 2580 951 2638 monstris.

223 2679 279 2734 Vix
292 2678 420 2753 positum
435 2678 534 2736 castris
549 2677 745 2748 simulacrum,
760 2695 854 2734 arsere
869 2693 1010 2735 coruscae

223 2775 378 2833 luminibus
392 2774 526 2832 flammae
542 2775 669 2845 arrectis,
685 2775 834 2848 salsusque
849 2792 901 2848 per
914 2783 992 2832 artus

223 2871 312 2930 sudor
326 2871 366 2944 iit,
381 2882 482 2947 terque
498 2873 562 2948 ipsa
575 2872 639 2929 solo
649 2903 689 2912 -
699 2871 829 2929 mirabile
844 2869 975 2928 dictu-

223 2969 350 3040 emicuit,
366 2986 555 3044 parmamque
571 2968 666 3025 serens
680 2967 852 3042 hastamque
866 2977 1051 3026 trementem.

174 3050 177 3059 ¹
264 3065 439 3142 ‘Extemplo
454 3063 627 3140 temptanda
640 3065 708 3140 luga
721 3065 801 3122 canit
814 3083 942 3139 aequora
956 3065 1091 3135 Calchas,

223 3182 279 3221 nec
293 3182 380 3240 posse
395 3163 536 3238 Argolicis
551 3162 683 3220 exscindi
698 3164 839 3237 Pergama
852 3163 925 3232 telis,

223 3262 323 3320 omina
337 3262 366 3320 ni
381 3270 515 3337 repetant
528 3261 619 3336 Argis,
634 3277 803 3334 numenque
816 3259 968 3329 reducant,

223 3358 303 3432 quod
318 3359 421 3433 pelago
436 3368 466 3416 et
480 3359 573 3416 curvis
587 3375 689 3415 secum
704 3374 826 3415 avexere
840 3357 955 3415 carinis.

226 3458 263 3514 Et
278 3474 365 3528 nunc,
376 3455 458 3530 quod
472 3456 577 3530 patrias
590 3463 679 3512 vento
694 3454 805 3529 petiere
820 3455 973 3528 Mycenas,

224 3571 303 3610 arma
317 3551 449 3628 deosque
464 3563 566 3627 parant
580 3553 712 3624 comites,
726 3552 890 3627 pelagoque
904 3567 1040 3607 remenso

223 3649 372 3726 improvisi
387 3648 527 3707 aderunt:
550 3649 591 3706 ita
604 3647 708 3725 digerit
723 3650 823 3707 omina
836 3647 970 3707 Calchas.

654 3776 688 3811 1⁷⁷
698 3778 802 3821 excindi.
818 3777 846 3821 R.
