2834 4292
266 304 325 365 108
511 316 555 365 ιν.
580 299 768 381 Departure
778 297 874 379 from
893 294 1063 379 Carthage.
1193 300 1305 367 [AEvnn.

261 482 379 559 indulge
395 481 532 558 hospitio,
547 498 708 556 causasque
724 481 841 539 innecte
856 477 999 549 morandi,

261 580 333 639 dum
346 580 451 655 pelago
467 578 598 637 desaevit
611 578 727 652 hiemps
741 587 771 635 et
784 595 912 652 aquosus
926 576 1029 646 Orion,

260 688 472 753 quassataeque
486 685 573 747 rates,
588 674 659 733 dum
674 692 737 732 non
750 674 898 733 tractabile
913 672 1047 731 caelum!

301 774 358 834 His
372 775 458 834 dictis
472 774 626 832 incensum
641 772 772 829 animum
786 769 974 829 inflammavit
988 785 1097 841 amore,

260 890 403 949 spemque
417 871 501 930 dedit
515 869 622 928 dubiae
638 869 740 942 menti,
756 869 899 943 solvitque
913 865 1069 942 pudorem.

261 970 406 1045 Principio
421 967 544 1027 delubra
557 965 676 1039 adeunt,
692 983 858 1041 pacemque
874 982 927 1040 per
940 982 1004 1023 aras

260 1066 432 1140 exquirunt;
454 1073 584 1143 mactant
598 1065 688 1123 lectas
702 1063 742 1122 de
756 1081 838 1121 more
852 1062 979 1121 bidentis

259 1162 393 1239 legiferae
407 1162 507 1221 Cereri
523 1162 703 1237 Phoeboque
719 1162 852 1236 patrique
867 1161 976 1236 Lyaeo,

260 1260 367 1319 Iunoni
381 1269 448 1317 ante
463 1259 568 1331 omnis,
585 1259 632 1317 cui
645 1259 741 1317 vincla
753 1258 859 1333 iugalia
872 1275 969 1316 curae.

260 1358 337 1431 Ipsa,
352 1366 455 1414 tenens
470 1356 573 1414 dextra
586 1365 726 1430 pateram,
740 1355 936 1431 pulcherrima
951 1352 1032 1413 Dido

259 1453 411 1512 candentis
425 1471 533 1512 vaccae
548 1451 646 1511 media
662 1453 737 1513 inter
750 1471 861 1511 cornua
874 1452 979 1525 fundit,

259 1561 309 1609 aut
322 1560 390 1610 ante
405 1569 457 1610 ora
470 1549 560 1609 deum
574 1550 689 1626 pinguis
705 1550 843 1625 spatiatur
858 1549 897 1607 ad
910 1568 985 1621 aras,

258 1648 452 1723 instauratque
467 1648 547 1706 diem
562 1646 658 1719 donis,
672 1646 881 1722 pecudumque
895 1648 1015 1707 reclusis

258 1745 424 1821 pectoribus
439 1745 552 1803 inhians
567 1744 704 1821 spirantia
718 1745 843 1803 consulit
857 1755 933 1805 exta
1067 1736 1071 1740 ’

299 1843 370 1901 Heu
383 1853 482 1901 vatum
496 1842 613 1918 ignarae
628 1850 742 1900 mentes
755 1844 762 1900 l
782 1842 856 1917 quid
868 1852 938 1901 vota
951 1844 1106 1915 furentem,

258 1939 328 2017 quid
342 1939 465 1998 delubra
478 1940 598 1999 iuvant?
640 1940 694 1997 Est
707 1939 802 1997 mollis
815 1939 933 1997 flamma
946 1939 1087 1999 medullas

257 2038 375 2108 interea,
391 2045 421 2095 et
434 2038 555 2095 tacitum
568 2036 638 2095 vivit
652 2037 707 2095 sub
721 2046 841 2113 pectore
855 2038 966 2096 volnus.

257 2134 356 2194 Uritur
369 2133 468 2193 infelix
482 2132 572 2206 Dido,
587 2142 708 2210 totaque
722 2143 842 2209 vagatur

256 2232 327 2291 urbe
342 2230 447 2301 furens,
462 2230 555 2305 qualis
570 2232 706 2290 coniecta
720 2247 806 2287 cerva
820 2231 932 2306 sagitta,

256 2346 345 2403 quam
359 2327 460 2403 procul
474 2327 623 2386 incautam
636 2345 757 2386 nemora
770 2327 846 2384 inter
859 2327 961 2387 Cresia
973 2327 1035 2387 fixit

256 2439 354 2501 pastor
367 2442 456 2499 agens
470 2425 544 2497 telis,
558 2426 698 2500 liquitque
712 2426 827 2495 volatile
842 2425 948 2483 ferrum

255 2522 390 2595 nescius;
411 2522 458 2579 illa
471 2523 540 2598 fuga
554 2523 638 2579 silvas
652 2522 800 2597 saltusque
814 2532 947 2598 peragrat
961 2527 970 2545 ⁴

256 2620 395 2677 Dictaeos
405 2639 414 2691 3
436 2618 537 2677 haeret
550 2619 631 2676 lateri
645 2619 737 2676 letalis
750 2619 873 2678 arundo.

256 2718 344 2775 Nunc
358 2715 457 2773 media
471 2718 592 2773 Aenean
607 2734 708 2775 secum
724 2735 777 2791 per
792 2718 910 2775 moenia
923 2717 1013 2789 ducit,

255 2814 447 2888 Sidoniasque
462 2824 589 2873 ostentat
603 2833 675 2889 opes
690 2814 851 2889 urbemque
866 2825 1015 2890 paratam;

254 2912 356 2986 incipit
369 2910 458 2983 effari,
473 2912 629 2987 mediaque
644 2912 674 2969 in
688 2929 763 2968 voce
778 2913 902 2985 resistit3

254 3027 332 3067 nunc
347 3007 453 3067 eadem
467 3009 582 3066 labente
597 3008 645 3066 die
661 3008 796 3067 convivia
809 3010 931 3083 quaerit,

254 3093 419 3181 Iliacosque
434 3108 537 3163 iterum
553 3106 675 3164 demens
690 3105 790 3163 audire
806 3106 920 3165 labores

208 3205 395 3289 -e—xposcit,
410 3204 579 3279 pendetque
593 3204 699 3263 iterum
714 3207 854 3262 narrantis
868 3205 907 3263 ab
921 3218 982 3264 ore.

254 3304 332 3373 Post,
347 3302 397 3360 ubi
411 3301 542 3377 digressi,
557 3291 716 3377 lumenque
731 3302 857 3360 obscura
869 3303 996 3361 vicissim
1063 3336 1067 3343 ·

251 3400 321 3458 luna
334 3400 442 3476 premit
455 3399 638 3475 suadentque
654 3399 791 3457 cadentia
804 3400 900 3458 sidera
913 3418 1045 3474 somnos,

252 3496 315 3555 sola
328 3495 419 3554 domo
435 3506 543 3554 maeret
557 3515 660 3568 vacua,
677 3496 832 3571 stratisque
846 3497 953 3555 relictis

250 3594 379 3665 incubat,
394 3594 475 3652 illum
488 3594 594 3653 absens
609 3595 761 3653 absentem
776 3594 916 3669 auditque
927 3583 1065 3671 videtque
1072 3617 1084 3671 ,-

251 3700 301 3754 aut
314 3691 427 3767 gremio
441 3692 610 3763 Ascanium,
625 3691 765 3765 genitoris
779 3691 907 3766 imagine
922 3700 1017 3766 capta,

609 3816 632 3871 ,⁶⁴
642 3818 751 3873 impenso,
755 3816 900 3873 flammavit.
916 3819 945 3865 R.
