2834 4292
130 322 267 387 Iv.189.]
438 312 469 375 T
464 313 506 376 he
527 312 724 375 Illumened
744 310 898 375 Wedlock.

129 498 340 573 pulverulenta
354 498 424 573 fuga
439 498 601 573 glomerant
615 495 783 571 montisque
797 495 975 570 relinquunt.

130 600 174 654 At
188 614 262 671 puer
279 596 421 654 Ascanius
436 595 585 653 mediisin
600 594 720 653 vallibus
735 594 794 650 acri

129 694 246 769 gaudet
260 711 347 768 equo,
363 694 479 767 iamque
495 692 548 749 hos
564 710 659 763 cursu,
672 692 730 748 iam
745 690 882 765 praeterit
895 689 968 760 illos,

129 800 381 867 spumantemque
397 788 462 847 dari
476 806 585 864 pecora
600 788 674 845 inter
688 788 791 845 inertia
804 787 879 845 votis

128 898 218 963 optat
233 906 345 963 aprum,
359 896 409 944 aut
423 885 532 943 fulvum
546 884 729 943 descendere
744 895 845 942 monte
858 884 987 941 leonem.

175 987 296 1043 Interea
309 1002 416 1060 magno
431 982 548 1039 misceri
563 999 711 1039 murmure
725 982 842 1038 caelum

126 1082 257 1156 incipit;
279 1081 440 1156 insequitur
454 1080 615 1137 commixta
628 1077 771 1155 grandine
785 1076 921 1148 nimbus;

128 1188 160 1236 et
176 1179 258 1253 Tyrii
272 1180 396 1235 comites
410 1178 518 1252 passim
529 1186 558 1233 et
572 1176 700 1233 Troiana
714 1175 846 1232 iuventus

128 1274 361 1350 Dardaniusque
376 1293 470 1349 nepos
484 1273 606 1331 Veneris
622 1272 737 1329 diversa
750 1288 804 1346 per
816 1288 902 1345 agros

127 1384 214 1430 tecta
227 1381 306 1429 metu
321 1373 451 1446 petiere;
472 1382 559 1429 ruunt
573 1369 611 1429 de
626 1369 775 1427 montibus
785 1386 898 1427 amnes.

127 1470 311 1544 Speluncam
323 1469 404 1527 Dido
416 1468 476 1525 dux
490 1479 521 1525 et
533 1468 676 1526 Troianus
692 1466 822 1525 eandem

127 1566 311 1623 deveniunt:
334 1565 429 1642 prima
443 1575 473 1622 et
485 1565 585 1623 Tellus
601 1574 630 1623 et
644 1564 780 1639 pronuba
795 1566 872 1622 Iuno

127 1664 207 1721 dant
221 1664 354 1737 signum;
375 1662 480 1721 fulsere
494 1663 576 1737 ignes
591 1671 621 1720 et
634 1662 772 1719 conscius
787 1661 889 1719 aether

127 1760 276 1829 conubiis
292 1778 466 1835 summoque
480 1760 626 1818 ulularunt
639 1760 747 1817 vertice
764 1758 921 1834 nymphae.

127 1859 185 1915 Ille
202 1856 265 1915 dies
280 1858 390 1931 primus
403 1858 453 1916 leti
466 1858 637 1933 primusque
654 1857 798 1915 malorum

127 1973 222 2013 causa
236 1955 307 2025 fuit;
329 1973 426 2029 neque
441 1955 519 2013 enim
531 1956 630 2029 specie
645 1956 759 2013 famave
775 1965 917 2028 movetur,

127 2071 189 2111 nec
204 2052 263 2110 iam
276 2053 412 2111 furtivum
428 2052 509 2111 Dido
524 2053 681 2111 meditatur
697 2072 848 2112 amorem:

117 2151 301 2224 ,coniugium
316 2158 421 2222 vocat;
442 2149 501 2208 hoc
516 2151 657 2225 praetexit
672 2152 793 2209 nomine
810 2152 938 2227 culpam.

78 2225 108 2281 ’ἶ
170 2248 331 2321 Extemplo
347 2247 457 2321 Libyae
471 2266 591 2323 magnas
607 2249 627 2307 it
644 2250 735 2307 Fama
749 2268 803 2325 per
816 2252 955 2311 urbes-

127 2348 232 2415 Fama,
247 2346 358 2402 malum
372 2362 430 2419 qua
443 2363 504 2403 non
518 2345 598 2403 aliud
612 2347 740 2405 velocius
756 2350 867 2426 ullum3

126 2442 292 2501 mobilitate
306 2443 393 2516 viget,
407 2443 541 2517 viresque
555 2443 682 2519 adquirit
697 2447 806 2519 eunde,

125 2558 219 2616 parva
233 2549 313 2597 metu
328 2540 433 2615 primo,
449 2559 517 2598 mox
531 2560 595 2599 sese
610 2544 716 2603 attollit
729 2547 759 2603 in
773 2566 868 2620 auras,

98 2706 99 2711 η
125 2636 349 2711 ingrediturque
364 2637 436 2709 solo,
451 2646 481 2695 et
495 2648 584 2713 caput
600 2642 674 2699 inter
688 2646 789 2703 nubila
803 2646 915 2706 condit.

127 2735 217 2793 Illam
230 2736 321 2792 Terra
335 2752 449 2809 parens,
465 2736 505 2793 ira
519 2738 635 2797 inritata
650 2740 783 2814 deorum,

127 2842 291 2891 extremam
311 2831 358 2906 (ut
371 2832 541 2909 perhibent)
561 2837 645 2897 Coeo
662 2841 875 2917 Enceladoque
890 2858 1020 2900 sororem
1091 2895 1096 2902 .

127 2930 293 3005 progenuit,
309 2928 435 3003 pedibus
450 2931 576 2992 celerem
591 2946 621 2995 et
635 2939 803 3021 pernicibus
818 2939 879 3009 alis,
1147 2941 1190 2985 ¹⁸⁰

128 3036 292 3084 monstrum
307 3026 493 3100 horrendum,
509 3033 621 3108 ingens,
639 3036 696 3105 cui,
712 3045 785 3110 quot
798 3044 866 3093 sunt
881 3052 1004 3111 corpore
1018 3034 1146 3112 plumae,

127 3135 171 3182 tot
185 3125 287 3199 vigiles
301 3125 378 3182 oculi
393 3127 500 3199 subter,
518 3132 647 3191 mirabile
663 3132 754 3203 dictu,

127 3232 170 3280 tot
184 3222 311 3296 linguae,
327 3224 450 3284 totidem
465 3246 517 3285 ora
531 3239 645 3301 sonant,
660 3239 704 3288 tot
717 3230 838 3306 subrigit
850 3248 945 3290 aures.

128 3320 227 3377 Nocte
242 3320 321 3377 volat
335 3324 408 3381 caeli
424 3325 524 3383 medio
540 3336 690 3401 terraeque
706 3345 759 3402 per
773 3328 917 3400 umbram,

96 3476 99 3480 Δ
127 3417 262 3488 stridens,
278 3437 334 3477 nec
349 3421 429 3480 dulci
443 3422 573 3481 declinat
586 3424 695 3481 lumina
708 3442 834 3498 somn03

127 3514 192 3571 luce
208 3514 293 3573 sedet
308 3529 407 3577 custos
423 3530 473 3578 aut
487 3520 593 3577 summi
607 3520 735 3579 culmine
750 3523 830 3594 tecti,

127 3614 251 3672 turribus
267 3626 317 3673 aut
332 3617 405 3687 altis,
421 3626 451 3675 et
465 3635 585 3691 magnas
599 3618 709 3675 territat
723 3619 829 3690 urbes3

128 3719 186 3769 tam
201 3712 264 3771 ficti
279 3714 418 3789 pravique
432 3722 529 3784 tenax,
545 3732 634 3788 quam
647 3715 750 3772 nuntia
763 3716 831 3774 veri.

168 3811 257 3869 Haec
272 3819 335 3868 tum
348 3810 502 3886 multiplici
515 3811 642 3887 populos
656 3828 793 3871 sermone
807 3813 939 3887 replebat
