<?xml version="1.0" encoding="UTF-8"?>
<!DOCTYPE html PUBLIC "-//W3C//DTD XHTML 1.0 Transitional//EN"
    "http://www.w3.org/TR/xhtml1/DTD/xhtml1-transitional.dtd">
<html xmlns="http://www.w3.org/1999/xhtml" xml:lang="en" lang="en">
 <head>
  <title>
</title>
<meta http-equiv="Content-Type" content="text/html;charset=utf-8" />
  <meta name='ocr-system' content='tesseract 3.04.00' />
  <meta name='ocr-capabilities' content='ocr_page ocr_carea ocr_par ocr_line ocrx_word'/>
</head>
<body>
  <div class='ocr_page' id='page_1' title='image "./greaterpoemsvir00kittgoog_0095.png"; bbox 0 0 2834 4292; ppageno 0'>
   <div class='ocr_carea' id='block_1_1' title="bbox 176 340 899 413">
    <p class='ocr_par' dir='ltr' id='par_1_1' title="bbox 176 340 899 413">
     <span class='ocr_line' id='line_1_1' title="bbox 176 340 899 413; baseline 0.012 -16"><span class='ocrx_word' id='word_1_1' title='bbox 176 347 216 397; x_wconf 92' lang='lat'>11.</span> <span class='ocrx_word' id='word_1_2' title='bbox 228 346 300 413; x_wconf 70' lang='lat'>491]</span> <span class='ocrx_word' id='word_1_3' title='bbox 517 340 583 405; x_wconf 76' lang='lat' dir='ltr'>The</span> <span class='ocrx_word' id='word_1_4' title='bbox 608 340 730 405; x_wconf 80' lang='lat' dir='ltr'><em>Greeks</em></span> <span class='ocrx_word' id='word_1_5' title='bbox 751 340 899 406; x_wconf 79' lang='lat' dir='ltr'>Prevail.</span> 
     </span>
    </p>
   </div>
   <div class='ocr_carea' id='block_1_2' title="bbox 111 524 1057 3706">
    <p class='ocr_par' dir='ltr' id='par_1_2' title="bbox 111 524 1057 3218">
     <span class='ocr_line' id='line_1_2' title="bbox 178 524 839 603; baseline 0.006 -21"><span class='ocrx_word' id='word_1_6' title='bbox 178 524 285 583; x_wconf 88' lang='lat' dir='ltr'>Evado</span> <span class='ocrx_word' id='word_1_7' title='bbox 299 524 338 584; x_wconf 89' lang='lat' dir='ltr'>ad</span> <span class='ocrx_word' id='word_1_8' title='bbox 353 528 459 585; x_wconf 91' lang='lat' dir='ltr'>summi</span> <span class='ocrx_word' id='word_1_9' title='bbox 474 527 586 603; x_wconf 83' lang='lat' dir='ltr'>fastigia</span> <span class='ocrx_word' id='word_1_10' title='bbox 601 528 744 597; x_wconf 89' lang='lat' dir='ltr'>culminis,</span> <span class='ocrx_word' id='word_1_11' title='bbox 759 526 839 586; x_wconf 90' lang='lat' dir='ltr'>unde</span> 
     </span>
     <span class='ocr_line' id='line_1_3' title="bbox 176 623 836 683; baseline 0.003 -4"><span class='ocrx_word' id='word_1_12' title='bbox 176 623 238 680; x_wconf 87' lang='lat' dir='ltr'>tela</span> <span class='ocrx_word' id='word_1_13' title='bbox 251 642 339 680; x_wconf 88' lang='lat' dir='ltr'>manu</span> <span class='ocrx_word' id='word_1_14' title='bbox 355 624 451 681; x_wconf 89' lang='lat' dir='ltr'>miseri</span> <span class='ocrx_word' id='word_1_15' title='bbox 467 624 613 683; x_wconf 90' lang='lat' dir='ltr'>iactabant</span> <span class='ocrx_word' id='word_1_16' title='bbox 627 625 711 683; x_wconf 89' lang='lat' dir='ltr'>inrita</span> <span class='ocrx_word' id='word_1_17' title='bbox 720 624 836 682; x_wconf 85' lang='lat' dir='ltr'>Teucri.</span> 
     </span>
     <span class='ocr_line' id='line_1_4' title="bbox 176 702 999 796; baseline 0.002 -20"><span class='ocrx_word' id='word_1_18' title='bbox 176 720 294 777; x_wconf 87' lang='lat' dir='ltr'><strong>Turrim</strong></span> <span class='ocrx_word' id='word_1_19' title='bbox 308 720 338 777; x_wconf 90' lang='lat' dir='ltr'>in</span> <span class='ocrx_word' id='word_1_20' title='bbox 352 720 506 796; x_wconf 81' lang='lat' dir='ltr'>praecipiti</span> <span class='ocrx_word' id='word_1_21' title='bbox 521 732 645 779; x_wconf 90' lang='lat' dir='ltr'>stantem</span> <span class='ocrx_word' id='word_1_22' title='bbox 661 702 842 795; x_wconf 82' lang='lat' dir='ltr'>summisque</span> <span class='ocrx_word' id='word_1_23' title='bbox 854 721 910 779; x_wconf 90' lang='lat' dir='ltr'>sub</span> <span class='ocrx_word' id='word_1_24' title='bbox 923 729 999 779; x_wconf 87' lang='lat' dir='ltr'>astra</span> 
     </span>
     <span class='ocr_line' id='line_1_5' title="bbox 177 814 836 889; baseline 0.003 -16"><span class='ocrx_word' id='word_1_25' title='bbox 177 814 318 874; x_wconf 84' lang='lat' dir='ltr'><strong>eductam</strong></span> <span class='ocrx_word' id='word_1_26' title='bbox 332 818 426 889; x_wconf 89' lang='lat' dir='ltr'>tectis,</span> <span class='ocrx_word' id='word_1_27' title='bbox 441 816 520 875; x_wconf 90' lang='lat' dir='ltr'>unde</span> <span class='ocrx_word' id='word_1_28' title='bbox 535 818 630 875; x_wconf 90' lang='lat' dir='ltr'>omnis</span> <span class='ocrx_word' id='word_1_29' title='bbox 644 819 733 876; x_wconf 89' lang='lat' dir='ltr'>Troia</span> <span class='ocrx_word' id='word_1_30' title='bbox 745 818 836 875; x_wconf 91' lang='lat' dir='ltr'>videri</span> 
     </span>
     <span class='ocr_line' id='line_1_6' title="bbox 178 914 868 986; baseline 0.003 -16"><span class='ocrx_word' id='word_1_31' title='bbox 178 922 208 970; x_wconf 93' lang='lat' dir='ltr'>et</span> <span class='ocrx_word' id='word_1_32' title='bbox 224 914 361 971; x_wconf 88' lang='lat' dir='ltr'>Danaum</span> <span class='ocrx_word' id='word_1_33' title='bbox 376 914 478 971; x_wconf 89' lang='lat' dir='ltr'>solitae</span> <span class='ocrx_word' id='word_1_34' title='bbox 492 932 581 971; x_wconf 90' lang='lat' dir='ltr'>naves</span> <span class='ocrx_word' id='word_1_35' title='bbox 595 924 625 971; x_wconf 91' lang='lat' dir='ltr'>et</span> <span class='ocrx_word' id='word_1_36' title='bbox 639 914 751 972; x_wconf 86' lang='lat' dir='ltr'>Achaia</span> <span class='ocrx_word' id='word_1_37' title='bbox 764 924 868 986; x_wconf 87' lang='lat' dir='ltr'>castra,</span> 
     </span>
     <span class='ocr_line' id='line_1_7' title="bbox 178 1008 870 1085; baseline 0.003 -18"><span class='ocrx_word' id='word_1_38' title='bbox 178 1008 308 1083; x_wconf 88' lang='lat' dir='ltr'>adgressi</span> <span class='ocrx_word' id='word_1_39' title='bbox 322 1010 397 1068; x_wconf 79' lang='lat' dir='ltr'>ferro</span> <span class='ocrx_word' id='word_1_40' title='bbox 413 1011 531 1082; x_wconf 90' lang='lat' dir='ltr'>circum,</span> <span class='ocrx_word' id='word_1_41' title='bbox 547 1028 605 1085; x_wconf 87' lang='lat' dir='ltr'>qua</span> <span class='ocrx_word' id='word_1_42' title='bbox 619 1029 733 1069; x_wconf 88' lang='lat' dir='ltr'>summa</span> <span class='ocrx_word' id='word_1_43' title='bbox 748 1011 870 1069; x_wconf 88' lang='lat' dir='ltr'>labantis</span> 
     </span>
     <span class='ocr_line' id='line_1_8' title="bbox 177 1105 883 1179; baseline 0.003 -16"><span class='ocrx_word' id='word_1_44' title='bbox 177 1105 327 1165; x_wconf 88' lang='lat' dir='ltr'>iuncturas</span> <span class='ocrx_word' id='word_1_45' title='bbox 341 1107 469 1165; x_wconf 88' lang='lat' dir='ltr'>tabulata</span> <span class='ocrx_word' id='word_1_46' title='bbox 483 1106 601 1179; x_wconf 89' lang='lat' dir='ltr'>dabant,</span> <span class='ocrx_word' id='word_1_47' title='bbox 617 1108 806 1167; x_wconf 84' lang='lat' dir='ltr'>convellimus</span> <span class='ocrx_word' id='word_1_48' title='bbox 820 1108 883 1165; x_wconf 82' lang='lat' dir='ltr'>altis</span> 
     </span>
     <span class='ocr_line' id='line_1_9' title="bbox 178 1202 985 1279; baseline 0.001 -18"><span class='ocrx_word' id='word_1_49' title='bbox 178 1202 307 1275; x_wconf 91' lang='lat' dir='ltr'>sedibus,</span> <span class='ocrx_word' id='word_1_50' title='bbox 323 1204 569 1279; x_wconf 90' lang='lat' dir='ltr'>impulimusque;</span> <span class='ocrx_word' id='word_1_51' title='bbox 592 1222 628 1261; x_wconf 91' lang='lat' dir='ltr'>ea</span> <span class='ocrx_word' id='word_1_52' title='bbox 641 1204 723 1279; x_wconf 85' lang='lat' dir='ltr'>lapsa</span> <span class='ocrx_word' id='word_1_53' title='bbox 736 1214 857 1279; x_wconf 89' lang='lat' dir='ltr'>repente</span> <span class='ocrx_word' id='word_1_54' title='bbox 871 1205 985 1263; x_wconf 89' lang='lat' dir='ltr'>ruinam</span> 
     </span>
     <span class='ocr_line' id='line_1_10' title="bbox 111 1300 959 1383; baseline 0.002 -26"><span class='ocrx_word' id='word_1_55' title='bbox 111 1372 120 1383; x_wconf 32' lang='lat'>¹</span> <span class='ocrx_word' id='word_1_56' title='bbox 178 1318 248 1357; x_wconf 89' lang='lat' dir='ltr'>cum</span> <span class='ocrx_word' id='word_1_57' title='bbox 263 1301 360 1358; x_wconf 92' lang='lat' dir='ltr'>sonitu</span> <span class='ocrx_word' id='word_1_58' title='bbox 375 1300 461 1358; x_wconf 89' lang='lat' dir='ltr'>trahit</span> <span class='ocrx_word' id='word_1_59' title='bbox 475 1310 505 1358; x_wconf 92' lang='lat' dir='ltr'>et</span> <span class='ocrx_word' id='word_1_60' title='bbox 520 1302 655 1359; x_wconf 84' lang='lat' dir='ltr'>Danaum</span> <span class='ocrx_word' id='word_1_61' title='bbox 670 1315 760 1375; x_wconf 85' lang='lat' dir='ltr'>snper¹</span> <span class='ocrx_word' id='word_1_62' title='bbox 771 1302 888 1375; x_wconf 86' lang='lat' dir='ltr'>agmina</span> <span class='ocrx_word' id='word_1_63' title='bbox 901 1302 959 1360; x_wconf 89' lang='lat' dir='ltr'>late</span> 
     </span>
     <span class='ocr_line' id='line_1_11' title="bbox 156 1396 917 1469; baseline 0.004 -15"><span class='ocrx_word' id='word_1_64' title='bbox 156 1407 159 1411; x_wconf 87' lang='grc'><strong>’</strong></span> <span class='ocrx_word' id='word_1_65' title='bbox 176 1396 299 1455; x_wconf 86' lang='lat' dir='ltr'>incidit:</span> <span class='ocrx_word' id='word_1_66' title='bbox 322 1407 366 1455; x_wconf 89' lang='lat' dir='ltr'>ast</span> <span class='ocrx_word' id='word_1_67' title='bbox 380 1398 427 1456; x_wconf 87' lang='lat' dir='ltr'>alii</span> <span class='ocrx_word' id='word_1_68' title='bbox 442 1398 575 1467; x_wconf 87' lang='lat' dir='ltr'>subeunt,</span> <span class='ocrx_word' id='word_1_69' title='bbox 591 1414 648 1455; x_wconf 89' lang='lat' dir='ltr'>nec</span> <span class='ocrx_word' id='word_1_70' title='bbox 662 1414 740 1469; x_wconf 77' lang='lat' dir='ltr'>saxa,</span> <span class='ocrx_word' id='word_1_71' title='bbox 755 1414 812 1457; x_wconf 91' lang='lat' dir='ltr'>nec</span> <span class='ocrx_word' id='word_1_72' title='bbox 826 1398 917 1457; x_wconf 91' lang='lat' dir='ltr'>ullum</span> 
     </span>
     <span class='ocr_line' id='line_1_12' title="bbox 175 1492 653 1569; baseline 0.004 -19"><span class='ocrx_word' id='word_1_73' title='bbox 175 1492 302 1551; x_wconf 90' lang='lat' dir='ltr'>telorum</span> <span class='ocrx_word' id='word_1_74' title='bbox 316 1494 428 1551; x_wconf 88' lang='lat' dir='ltr'>interea</span> <span class='ocrx_word' id='word_1_75' title='bbox 442 1504 536 1552; x_wconf 91' lang='lat' dir='ltr'>cessat</span> <span class='ocrx_word' id='word_1_76' title='bbox 550 1512 653 1569; x_wconf 89' lang='lat' dir='ltr'>genus.</span> 
     </span>
     <span class='ocr_line' id='line_1_13' title="bbox 217 1589 1057 1669; baseline 0.002 -22"><span class='ocrx_word' id='word_1_77' title='bbox 217 1589 401 1649; x_wconf 89' lang='lat' dir='ltr'>Vestibulum</span> <span class='ocrx_word' id='word_1_78' title='bbox 415 1602 482 1649; x_wconf 90' lang='lat' dir='ltr'>ante</span> <span class='ocrx_word' id='word_1_79' title='bbox 497 1591 593 1666; x_wconf 92' lang='lat' dir='ltr'>ipsum</span> <span class='ocrx_word' id='word_1_80' title='bbox 607 1592 761 1666; x_wconf 89' lang='lat' dir='ltr'>primoque</span> <span class='ocrx_word' id='word_1_81' title='bbox 775 1591 805 1649; x_wconf 91' lang='lat' dir='ltr'>in</span> <span class='ocrx_word' id='word_1_82' title='bbox 819 1591 919 1651; x_wconf 86' lang='lat' dir='ltr'>limine</span> <span class='ocrx_word' id='word_1_83' title='bbox 934 1592 1057 1669; x_wconf 79' lang='lat' dir='ltr'>Pyrrhus</span> 
     </span>
     <span class='ocr_line' id='line_1_14' title="bbox 135 1687 775 1779; baseline 0.003 -35"><span class='ocrx_word' id='word_1_84' title='bbox 135 1687 310 1779; x_wconf 47' lang='lat' dir='ltr'>Esuba&amp;</span> <span class='ocrx_word' id='word_1_85' title='bbox 325 1687 389 1746; x_wconf 89' lang='lat' dir='ltr'>telis</span> <span class='ocrx_word' id='word_1_86' title='bbox 404 1698 434 1745; x_wconf 91' lang='lat' dir='ltr'>et</span> <span class='ocrx_word' id='word_1_87' title='bbox 447 1687 513 1745; x_wconf 90' lang='lat' dir='ltr'>luce</span> <span class='ocrx_word' id='word_1_88' title='bbox 528 1706 667 1746; x_wconf 88' lang='lat' dir='ltr'>coruscus</span> <span class='ocrx_word' id='word_1_89' title='bbox 681 1687 775 1761; x_wconf 68' lang='lat' dir='ltr'>aena3</span> 
     </span>
     <span class='ocr_line' id='line_1_15' title="bbox 175 1784 974 1861; baseline 0.001 -19"><span class='ocrx_word' id='word_1_90' title='bbox 175 1784 271 1859; x_wconf 90' lang='lat' dir='ltr'>qualis</span> <span class='ocrx_word' id='word_1_91' title='bbox 285 1785 335 1842; x_wconf 94' lang='lat' dir='ltr'>ubi</span> <span class='ocrx_word' id='word_1_92' title='bbox 350 1785 380 1842; x_wconf 88' lang='lat' dir='ltr'>in</span> <span class='ocrx_word' id='word_1_93' title='bbox 394 1785 490 1842; x_wconf 92' lang='lat' dir='ltr'>lucem</span> <span class='ocrx_word' id='word_1_94' title='bbox 505 1784 626 1843; x_wconf 90' lang='lat' dir='ltr'>coluber</span> <span class='ocrx_word' id='word_1_95' title='bbox 639 1785 717 1843; x_wconf 87' lang='lat' dir='ltr'>mala</span> <span class='ocrx_word' id='word_1_96' title='bbox 729 1785 860 1861; x_wconf 86' lang='lat' dir='ltr'>gramina</span> <span class='ocrx_word' id='word_1_97' title='bbox 873 1794 974 1861; x_wconf 85' lang='lat' dir='ltr'>pastus</span> 
     </span>
     <span class='ocr_line' id='line_1_16' title="bbox 174 1880 957 1958; baseline 0.004 -20"><span class='ocrx_word' id='word_1_98' title='bbox 174 1880 281 1956; x_wconf 83' lang='lat' dir='ltr'>frigida</span> <span class='ocrx_word' id='word_1_99' title='bbox 295 1881 349 1939; x_wconf 91' lang='lat' dir='ltr'>sub</span> <span class='ocrx_word' id='word_1_100' title='bbox 363 1891 437 1939; x_wconf 87' lang='lat' dir='ltr'>terra</span> <span class='ocrx_word' id='word_1_101' title='bbox 450 1880 596 1940; x_wconf 89' lang='lat' dir='ltr'>tumidum</span> <span class='ocrx_word' id='word_1_102' title='bbox 610 1900 699 1957; x_wconf 90' lang='lat' dir='ltr'>quem</span> <span class='ocrx_word' id='word_1_103' title='bbox 714 1881 818 1940; x_wconf 88' lang='lat' dir='ltr'>bruma</span> <span class='ocrx_word' id='word_1_104' title='bbox 830 1882 957 1958; x_wconf 86' lang='lat' dir='ltr'>tegebat,</span> 
     </span>
     <span class='ocr_line' id='line_1_17' title="bbox 174 1978 938 2054; baseline 0.001 -18"><span class='ocrx_word' id='word_1_105' title='bbox 174 1996 267 2050; x_wconf 87' lang='lat' dir='ltr'>nunc,</span> <span class='ocrx_word' id='word_1_106' title='bbox 282 1978 384 2054; x_wconf 89' lang='lat' dir='ltr'>positis</span> <span class='ocrx_word' id='word_1_107' title='bbox 397 1997 490 2036; x_wconf 92' lang='lat' dir='ltr'>novus</span> <span class='ocrx_word' id='word_1_108' title='bbox 505 1978 614 2037; x_wconf 87' lang='lat' dir='ltr'>exuviis</span> <span class='ocrx_word' id='word_1_109' title='bbox 631 1978 798 2053; x_wconf 90' lang='lat' dir='ltr'>nitidusque</span> <span class='ocrx_word' id='word_1_110' title='bbox 813 1979 938 2051; x_wconf 87' lang='lat' dir='ltr'>iuventa,</span> 
     </span>
     <span class='ocr_line' id='line_1_18' title="bbox 174 2075 805 2151; baseline -0.002 -18"><span class='ocrx_word' id='word_1_111' title='bbox 174 2075 289 2133; x_wconf 89' lang='lat' dir='ltr'>lubrica</span> <span class='ocrx_word' id='word_1_112' title='bbox 303 2075 450 2133; x_wconf 89' lang='lat' dir='ltr'>convolvit</span> <span class='ocrx_word' id='word_1_113' title='bbox 463 2075 576 2133; x_wconf 88' lang='lat' dir='ltr'>sublato</span> <span class='ocrx_word' id='word_1_114' title='bbox 587 2085 709 2150; x_wconf 85' lang='lat' dir='ltr'>pectore</span> <span class='ocrx_word' id='word_1_115' title='bbox 724 2085 805 2151; x_wconf 84' lang='lat' dir='ltr'>terga</span> 
     </span>
     <span class='ocr_line' id='line_1_19' title="bbox 174 2170 931 2247; baseline 0.003 -18"><span class='ocrx_word' id='word_1_116' title='bbox 174 2170 284 2229; x_wconf 90' lang='lat' dir='ltr'>arduus</span> <span class='ocrx_word' id='word_1_117' title='bbox 298 2170 337 2229; x_wconf 91' lang='lat' dir='ltr'>ad</span> <span class='ocrx_word' id='word_1_118' title='bbox 352 2172 453 2243; x_wconf 88' lang='lat' dir='ltr'>solem,</span> <span class='ocrx_word' id='word_1_119' title='bbox 469 2182 497 2229; x_wconf 92' lang='lat' dir='ltr'>et</span> <span class='ocrx_word' id='word_1_120' title='bbox 511 2171 616 2247; x_wconf 88' lang='lat' dir='ltr'>linguis</span> <span class='ocrx_word' id='word_1_121' title='bbox 630 2172 720 2229; x_wconf 93' lang='lat' dir='ltr'>micat</span> <span class='ocrx_word' id='word_1_122' title='bbox 734 2190 785 2229; x_wconf 89' lang='lat' dir='ltr'>ore</span> <span class='ocrx_word' id='word_1_123' title='bbox 799 2173 931 2232; x_wconf 79' lang='lat' dir='ltr'>trisulcis,</span> 
     </span>
     <span class='ocr_line' id='line_1_20' title="bbox 174 2265 994 2344; baseline -0.004 -15"><span class='ocrx_word' id='word_1_124' title='bbox 174 2269 247 2329; x_wconf 91' lang='lat' dir='ltr'>Una</span> <span class='ocrx_word' id='word_1_125' title='bbox 260 2269 362 2344; x_wconf 89' lang='lat' dir='ltr'>ingens</span> <span class='ocrx_word' id='word_1_126' title='bbox 377 2267 515 2343; x_wconf 84' lang='lat' dir='ltr'>Periphas</span> <span class='ocrx_word' id='word_1_127' title='bbox 530 2278 560 2326; x_wconf 90' lang='lat' dir='ltr'>et</span> <span class='ocrx_word' id='word_1_128' title='bbox 574 2286 716 2343; x_wconf 90' lang='lat' dir='ltr'>equorum</span> <span class='ocrx_word' id='word_1_129' title='bbox 730 2265 853 2344; x_wconf 74' lang='lat' dir='ltr'>agitator</span> <span class='ocrx_word' id='word_1_130' title='bbox 866 2270 994 2340; x_wconf 90' lang='lat' dir='ltr'>Achillis,</span> 
     </span>
     <span class='ocr_line' id='line_1_21' title="bbox 173 2364 915 2443; baseline 0.001 -20"><span class='ocrx_word' id='word_1_131' title='bbox 173 2365 301 2440; x_wconf 88' lang='lat' dir='ltr'>armiger</span> <span class='ocrx_word' id='word_1_132' title='bbox 314 2364 512 2435; x_wconf 87' lang='lat' dir='ltr'>Automedon,</span> <span class='ocrx_word' id='word_1_133' title='bbox 527 2384 586 2422; x_wconf 91' lang='lat' dir='ltr'>una</span> <span class='ocrx_word' id='word_1_134' title='bbox 599 2365 694 2423; x_wconf 91' lang='lat' dir='ltr'>omnis</span> <span class='ocrx_word' id='word_1_135' title='bbox 709 2366 809 2442; x_wconf 87' lang='lat' dir='ltr'>Scyria</span> <span class='ocrx_word' id='word_1_136' title='bbox 821 2367 915 2443; x_wconf 90' lang='lat' dir='ltr'>pubes</span> 
     </span>
     <span class='ocr_line' id='line_1_22' title="bbox 174 2461 961 2533; baseline 0.004 -15"><span class='ocrx_word' id='word_1_137' title='bbox 174 2461 341 2520; x_wconf 87' lang='lat' dir='ltr'>succedunt</span> <span class='ocrx_word' id='word_1_138' title='bbox 355 2472 444 2533; x_wconf 91' lang='lat' dir='ltr'>tecto,</span> <span class='ocrx_word' id='word_1_139' title='bbox 460 2471 489 2519; x_wconf 92' lang='lat' dir='ltr'>et</span> <span class='ocrx_word' id='word_1_140' title='bbox 503 2462 634 2519; x_wconf 89' lang='lat' dir='ltr'>flammas</span> <span class='ocrx_word' id='word_1_141' title='bbox 648 2461 686 2519; x_wconf 91' lang='lat' dir='ltr'>ad</span> <span class='ocrx_word' id='word_1_142' title='bbox 702 2463 831 2521; x_wconf 91' lang='lat' dir='ltr'>culmina</span> <span class='ocrx_word' id='word_1_143' title='bbox 844 2464 961 2521; x_wconf 87' lang='lat' dir='ltr'>iactant.</span> 
     </span>
     <span class='ocr_line' id='line_1_23' title="bbox 176 2558 828 2635; baseline 0 -18"><span class='ocrx_word' id='word_1_144' title='bbox 176 2560 246 2635; x_wconf 91' lang='lat' dir='ltr'>Ipse</span> <span class='ocrx_word' id='word_1_145' title='bbox 261 2560 335 2617; x_wconf 89' lang='lat' dir='ltr'>inter</span> <span class='ocrx_word' id='word_1_146' title='bbox 348 2560 457 2635; x_wconf 88' lang='lat' dir='ltr'>primos</span> <span class='ocrx_word' id='word_1_147' title='bbox 473 2569 607 2634; x_wconf 88' lang='lat' dir='ltr'>correpta</span> <span class='ocrx_word' id='word_1_148' title='bbox 620 2558 694 2617; x_wconf 90' lang='lat' dir='ltr'>dura</span> <span class='ocrx_word' id='word_1_149' title='bbox 707 2560 828 2635; x_wconf 90' lang='lat' dir='ltr'>bipenni</span> 
     </span>
     <span class='ocr_line' id='line_1_24' title="bbox 173 2656 880 2732; baseline 0.003 -19"><span class='ocrx_word' id='word_1_150' title='bbox 173 2657 277 2714; x_wconf 87' lang='lat' dir='ltr'>limina</span> <span class='ocrx_word' id='word_1_151' title='bbox 289 2657 458 2732; x_wconf 87' lang='lat' dir='ltr'>perrumpit,</span> <span class='ocrx_word' id='word_1_152' title='bbox 473 2656 623 2731; x_wconf 90' lang='lat' dir='ltr'>postisque</span> <span class='ocrx_word' id='word_1_153' title='bbox 638 2674 657 2714; x_wconf 90' lang='lat' dir='ltr'>a</span> <span class='ocrx_word' id='word_1_154' title='bbox 670 2657 789 2715; x_wconf 84' lang='lat' dir='ltr'>cardine</span> <span class='ocrx_word' id='word_1_155' title='bbox 801 2658 880 2715; x_wconf 91' lang='lat' dir='ltr'>vellit</span> 
     </span>
     <span class='ocr_line' id='line_1_25' title="bbox 174 2753 881 2828; baseline 0.001 -17"><span class='ocrx_word' id='word_1_156' title='bbox 174 2762 291 2811; x_wconf 87' lang='lat' dir='ltr'>aeratos</span> <span class='ocrx_word' id='word_1_157' title='bbox 303 2773 312 2824; x_wconf 89' lang='lat'>;</span> <span class='ocrx_word' id='word_1_158' title='bbox 333 2753 449 2828; x_wconf 85' lang='lat' dir='ltr'>iamque</span> <span class='ocrx_word' id='word_1_159' title='bbox 465 2753 563 2811; x_wconf 87' lang='lat' dir='ltr'>excisa</span> <span class='ocrx_word' id='word_1_160' title='bbox 576 2754 656 2811; x_wconf 87' lang='lat' dir='ltr'>trabe</span> <span class='ocrx_word' id='word_1_161' title='bbox 671 2754 755 2811; x_wconf 83' lang='lat' dir='ltr'>firma</span> <span class='ocrx_word' id='word_1_162' title='bbox 769 2756 881 2813; x_wconf 88' lang='lat' dir='ltr'>cavavit</span> 
     </span>
     <span class='ocr_line' id='line_1_26' title="bbox 173 2849 914 2926; baseline 0.004 -17"><span class='ocrx_word' id='word_1_163' title='bbox 173 2852 291 2922; x_wconf 90' lang='lat' dir='ltr'>robora,</span> <span class='ocrx_word' id='word_1_164' title='bbox 307 2859 337 2908; x_wconf 92' lang='lat' dir='ltr'>et</span> <span class='ocrx_word' id='word_1_165' title='bbox 350 2850 499 2926; x_wconf 89' lang='lat' dir='ltr'>ingentem</span> <span class='ocrx_word' id='word_1_166' title='bbox 513 2850 573 2908; x_wconf 84' lang='lat' dir='ltr'>lato</span> <span class='ocrx_word' id='word_1_167' title='bbox 588 2849 671 2909; x_wconf 92' lang='lat' dir='ltr'>dedit</span> <span class='ocrx_word' id='word_1_168' title='bbox 685 2869 735 2909; x_wconf 92' lang='lat' dir='ltr'>ore</span> <span class='ocrx_word' id='word_1_169' title='bbox 749 2852 914 2912; x_wconf 85' lang='lat' dir='ltr'>fenestram.</span> 
     </span>
     <span class='ocr_line' id='line_1_27' title="bbox 174 2946 949 3025; baseline 0.004 -21"><span class='ocrx_word' id='word_1_170' title='bbox 174 2947 308 3022; x_wconf 87' lang='lat' dir='ltr'>Adparet</span> <span class='ocrx_word' id='word_1_171' title='bbox 323 2946 428 3005; x_wconf 83' lang='lat' dir='ltr'>domus</span> <span class='ocrx_word' id='word_1_172' title='bbox 443 2948 528 3019; x_wconf 78' lang='lat' dir='ltr'>intuS,</span> <span class='ocrx_word' id='word_1_173' title='bbox 545 2956 575 3005; x_wconf 95' lang='lat' dir='ltr'>et</span> <span class='ocrx_word' id='word_1_174' title='bbox 588 2948 660 3006; x_wconf 89' lang='lat' dir='ltr'>atria</span> <span class='ocrx_word' id='word_1_175' title='bbox 673 2949 761 3023; x_wconf 87' lang='lat' dir='ltr'>longa</span> <span class='ocrx_word' id='word_1_176' title='bbox 774 2960 949 3025; x_wconf 81' lang='lat' dir='ltr'>patescunt3</span> 
     </span>
     <span class='ocr_line' id='line_1_28' title="bbox 173 3044 926 3123; baseline 0.001 -20"><span class='ocrx_word' id='word_1_177' title='bbox 173 3044 319 3120; x_wconf 90' lang='lat' dir='ltr'>adparent</span> <span class='ocrx_word' id='word_1_178' title='bbox 333 3044 438 3102; x_wconf 86' lang='lat' dir='ltr'>Priami</span> <span class='ocrx_word' id='word_1_179' title='bbox 453 3054 483 3102; x_wconf 90' lang='lat' dir='ltr'>et</span> <span class='ocrx_word' id='word_1_180' title='bbox 496 3055 627 3103; x_wconf 90' lang='lat' dir='ltr'>veterum</span> <span class='ocrx_word' id='word_1_181' title='bbox 642 3047 802 3121; x_wconf 81' lang='lat' dir='ltr'>penetralia</span> <span class='ocrx_word' id='word_1_182' title='bbox 815 3065 926 3123; x_wconf 89' lang='lat' dir='ltr'>regum,</span> 
     </span>
     <span class='ocr_line' id='line_1_29' title="bbox 173 3141 873 3218; baseline 0.004 -20"><span class='ocrx_word' id='word_1_183' title='bbox 173 3151 362 3216; x_wconf 86' lang='lat' dir='ltr'>armatosque</span> <span class='ocrx_word' id='word_1_184' title='bbox 376 3141 477 3199; x_wconf 90' lang='lat' dir='ltr'>vident</span> <span class='ocrx_word' id='word_1_185' title='bbox 492 3142 593 3199; x_wconf 90' lang='lat' dir='ltr'>stantis</span> <span class='ocrx_word' id='word_1_186' title='bbox 608 3142 638 3199; x_wconf 93' lang='lat' dir='ltr'>in</span> <span class='ocrx_word' id='word_1_187' title='bbox 653 3142 753 3200; x_wconf 88' lang='lat' dir='ltr'>limine</span> <span class='ocrx_word' id='word_1_188' title='bbox 766 3144 873 3218; x_wconf 87' lang='lat' dir='ltr'>primo.</span> 
     </span>
    </p>

    <p class='ocr_par' dir='ltr' id='par_1_3' title="bbox 173 3237 952 3507">
     <span class='ocr_line' id='line_1_30' title="bbox 217 3237 952 3315; baseline 0.004 -18"><span class='ocrx_word' id='word_1_189' title='bbox 217 3242 256 3297; x_wconf 90' lang='lat' dir='ltr'>At</span> <span class='ocrx_word' id='word_1_190' title='bbox 270 3237 377 3296; x_wconf 92' lang='lat' dir='ltr'>domus</span> <span class='ocrx_word' id='word_1_191' title='bbox 391 3238 510 3297; x_wconf 88' lang='lat' dir='ltr'>interior</span> <span class='ocrx_word' id='word_1_192' title='bbox 523 3240 633 3314; x_wconf 90' lang='lat' dir='ltr'>gemitu</span> <span class='ocrx_word' id='word_1_193' title='bbox 647 3240 813 3315; x_wconf 90' lang='lat' dir='ltr'>miseroque</span> <span class='ocrx_word' id='word_1_194' title='bbox 827 3242 952 3300; x_wconf 91' lang='lat' dir='ltr'>tumultu</span> 
     </span>
     <span class='ocr_line' id='line_1_31' title="bbox 174 3336 922 3411; baseline 0.003 -17"><span class='ocrx_word' id='word_1_195' title='bbox 174 3337 323 3406; x_wconf 85' lang='lat' dir='ltr'>miscetur,</span> <span class='ocrx_word' id='word_1_196' title='bbox 337 3336 512 3411; x_wconf 89' lang='lat' dir='ltr'>penitusque</span> <span class='ocrx_word' id='word_1_197' title='bbox 529 3354 618 3393; x_wconf 89' lang='lat' dir='ltr'>cavae</span> <span class='ocrx_word' id='word_1_198' title='bbox 632 3338 819 3411; x_wconf 85' lang='lat' dir='ltr'>plangoribus</span> <span class='ocrx_word' id='word_1_199' title='bbox 833 3338 922 3396; x_wconf 89' lang='lat' dir='ltr'>aedes</span> 
     </span>
     <span class='ocr_line' id='line_1_32' title="bbox 173 3435 885 3507; baseline 0.001 -15"><span class='ocrx_word' id='word_1_200' title='bbox 173 3435 309 3492; x_wconf 78' lang='lat' dir='ltr'>femineis</span> <span class='ocrx_word' id='word_1_201' title='bbox 324 3435 453 3507; x_wconf 88' lang='lat' dir='ltr'>ululant;</span> <span class='ocrx_word' id='word_1_202' title='bbox 475 3436 539 3493; x_wconf 85' lang='lat' dir='ltr'>ferit</span> <span class='ocrx_word' id='word_1_203' title='bbox 554 3452 641 3493; x_wconf 87' lang='lat' dir='ltr'>aurea</span> <span class='ocrx_word' id='word_1_204' title='bbox 656 3435 752 3493; x_wconf 88' lang='lat' dir='ltr'>sidera</span> <span class='ocrx_word' id='word_1_205' title='bbox 766 3436 885 3493; x_wconf 90' lang='lat' dir='ltr'>clamor.</span> 
     </span>
    </p>

    <p class='ocr_par' dir='ltr' id='par_1_4' title="bbox 174 3532 942 3706">
     <span class='ocr_line' id='line_1_33' title="bbox 174 3532 914 3609; baseline -0.001 -20"><span class='ocrx_word' id='word_1_206' title='bbox 174 3532 253 3590; x_wconf 89' lang='lat' dir='ltr'>Tum</span> <span class='ocrx_word' id='word_1_207' title='bbox 268 3532 393 3607; x_wconf 88' lang='lat' dir='ltr'>pavidae</span> <span class='ocrx_word' id='word_1_208' title='bbox 407 3534 492 3591; x_wconf 88' lang='lat' dir='ltr'>tectis</span> <span class='ocrx_word' id='word_1_209' title='bbox 507 3544 613 3591; x_wconf 91' lang='lat' dir='ltr'>matres</span> <span class='ocrx_word' id='word_1_210' title='bbox 629 3534 795 3609; x_wconf 89' lang='lat' dir='ltr'>ingentibus</span> <span class='ocrx_word' id='word_1_211' title='bbox 811 3542 914 3602; x_wconf 86' lang='lat' dir='ltr'>errant,</span> 
     </span>
     <span class='ocr_line' id='line_1_34' title="bbox 174 3630 942 3706; baseline -0.003 -17"><span class='ocrx_word' id='word_1_212' title='bbox 174 3630 389 3705; x_wconf 86' lang='lat' dir='ltr'>amplexaeque</span> <span class='ocrx_word' id='word_1_213' title='bbox 404 3641 504 3688; x_wconf 90' lang='lat' dir='ltr'>tenent</span> <span class='ocrx_word' id='word_1_214' title='bbox 518 3632 609 3706; x_wconf 91' lang='lat' dir='ltr'>postis</span> <span class='ocrx_word' id='word_1_215' title='bbox 624 3641 712 3706; x_wconf 91' lang='lat' dir='ltr'>atque</span> <span class='ocrx_word' id='word_1_216' title='bbox 727 3632 827 3688; x_wconf 89' lang='lat' dir='ltr'>oscula</span> <span class='ocrx_word' id='word_1_217' title='bbox 842 3631 942 3705; x_wconf 87' lang='lat' dir='ltr'>figunt.</span> 
     </span>
    </p>
   </div>
   <div class='ocr_carea' id='block_1_3' title="bbox 175 3726 982 3802">
    <p class='ocr_par' dir='ltr' id='par_1_5' title="bbox 175 3726 982 3802">
     <span class='ocr_line' id='line_1_35' title="bbox 175 3726 982 3802; baseline -0.004 -15"><span class='ocrx_word' id='word_1_218' title='bbox 175 3728 271 3787; x_wconf 88' lang='lat' dir='ltr'>Instat</span> <span class='ocrx_word' id='word_1_219' title='bbox 285 3726 314 3787; x_wconf 90' lang='lat' dir='ltr'>vi</span> <span class='ocrx_word' id='word_1_220' title='bbox 327 3728 419 3801; x_wconf 90' lang='lat' dir='ltr'>patria</span> <span class='ocrx_word' id='word_1_221' title='bbox 434 3728 556 3801; x_wconf 87' lang='lat' dir='ltr'>Pyrrhus</span> <span class='ocrx_word' id='word_1_222' title='bbox 568 3748 576 3799; x_wconf 85' lang='lat'>;</span> <span class='ocrx_word' id='word_1_223' title='bbox 598 3746 654 3787; x_wconf 89' lang='lat' dir='ltr'>nec</span> <span class='ocrx_word' id='word_1_224' title='bbox 669 3727 801 3799; x_wconf 89' lang='lat' dir='ltr'>claustra,</span> <span class='ocrx_word' id='word_1_225' title='bbox 816 3746 913 3802; x_wconf 90' lang='lat' dir='ltr'>neque</span> <span class='ocrx_word' id='word_1_226' title='bbox 927 3728 982 3802; x_wconf 89' lang='lat' dir='ltr'>ipsi</span> 
     </span>
    </p>
   </div>
   <div class='ocr_carea' id='block_1_4' title="bbox 408 3854 1000 3917">
    <p class='ocr_par' dir='ltr' id='par_1_6' title="bbox 408 3854 1000 3917">
     <span class='ocr_line' id='line_1_36' title="bbox 408 3854 1000 3917; baseline 0.02 -16"><span class='ocrx_word' id='word_1_227' title='bbox 408 3854 444 3891; x_wconf 73' lang='lat'>⁴⁰²</span> <span class='ocrx_word' id='word_1_228' title='bbox 453 3856 566 3903; x_wconf 75' lang='lat' dir='ltr'>Achaica.</span> <span class='ocrx_word' id='word_1_229' title='bbox 583 3856 611 3903; x_wconf 88' lang='lat' dir='ltr'>R.</span> <span class='ocrx_word' id='word_1_230' title='bbox 823 3856 860 3890; x_wconf 75' lang='lat'>⁴⁶⁶</span> <span class='ocrx_word' id='word_1_231' title='bbox 869 3857 954 3917; x_wconf 58' lang='lat' dir='ltr'>elapsa·</span> <span class='ocrx_word' id='word_1_232' title='bbox 970 3856 1000 3905; x_wconf 77' lang='lat' dir='ltr'>R·</span> 
     </span>
    </p>
   </div>
   <div class='ocr_carea' id='block_1_5' title="bbox 0 0 1422 4292">
    <p class='ocr_par' dir='ltr' id='par_1_7' title="bbox 0 0 1422 4292">
     <span class='ocr_line' id='line_1_37' title="bbox 0 0 1422 4292; baseline 0 0"><span class='ocrx_word' id='word_1_233' title='bbox 0 0 1422 4292; x_wconf 95' lang='lat' dir='ltr'> </span> 
     </span>
    </p>
   </div>
  </div>
 </body>
</html>
