2834 4292
136 288 245 355 scut]
596 278 739 361 Tityrus.

135 464 184 522 M.
228 463 365 536 Mirabar,
380 461 452 539 quid
467 472 578 522 maesta
591 463 674 535 deos,
689 463 835 538 Amarylli,
851 479 981 534 vocares,

136 561 186 618 cui
200 560 332 636 pendere
347 579 400 618 sua
413 561 551 636 patereris
565 560 596 617 in
610 561 713 627 arbore
727 576 836 634 poma:

135 658 253 732 Tityrus
268 657 337 714 hinc
351 657 460 715 aberat.
504 657 590 731 Ipsae
604 666 643 727 te,
657 657 768 730 Tityre,
783 657 880 730 pinus,

135 754 194 829 ipsi
208 763 236 811 te
251 754 356 826 sontes,
372 755 436 829 ipsa
449 753 523 811 haec
536 753 654 811 arbusta
666 754 821 811 vocabant.

140 852 175 910 T.
220 850 300 924 Quid
315 851 463 908 iacerem?
498 851 604 924 Neque
620 849 736 908 servitio
751 866 799 907 me
813 849 891 906 exire
905 847 1021 920 licebat,

135 966 195 1006 nec
210 958 270 1005 tam
283 948 444 1023 praesentis
458 946 526 1005 alibi
541 963 722 1022 cognoscere
736 945 830 1004 divos.

138 1046 201 1103 Hic
216 1045 296 1102 illum
310 1043 370 1102 vidi
384 1045 529 1115 iuvenem,
545 1043 703 1114 Meliboee,
718 1043 889 1116 quotannis

137 1142 183 1200 bis
198 1159 285 1199 senos
299 1142 346 1199 cui
361 1151 460 1198 nostra
474 1139 537 1198 dies
551 1140 652 1198 altaria
665 1140 798 1212 sumant,

137 1238 188 1296 hic
202 1238 273 1295 mihi
287 1256 459 1313 responsum
474 1237 584 1312 pn'mus
598 1235 683 1295 dedit
696 1237 743 1294 ilie
757 1238 888 1311 petenti:

136 1335 261 1412 pascite,
276 1344 309 1392 ut
322 1344 399 1406 ante,
414 1335 514 1405 boves,
529 1333 621 1408 pueri,
636 1333 796 1391 submittite
810 1344 919 1394 tauros.

135 1433 187 1492 M.
230 1433 388 1490 Fortunate
403 1449 502 1502 senex,
518 1448 588 1505 ergo
601 1440 652 1488 tua
665 1449 732 1488 rura
745 1431 915 1502 manebunt,

137 1539 169 1587 et
183 1529 236 1587 tibi
249 1546 356 1602 magna
370 1528 447 1599 satis,
462 1528 594 1602 quamvis
609 1528 681 1602 lapis
696 1528 797 1585 omnia
809 1517 907 1587 nudus

136 1627 303 1700 limosoque
318 1625 400 1700 palus
415 1625 546 1683 obducat
559 1643 670 1700 pascua
682 1626 772 1683 iunco
785 1628 792 1683 i

138 1723 212 1781 Nou
227 1723 340 1779 insueta
354 1722 447 1796 gravis
461 1723 647 1797 temptabunt
660 1722 770 1797 pabula
782 1722 866 1794 t'etas,

138 1837 197 1877 nec
211 1819 289 1876 mala
301 1818 390 1875 vicini
403 1819 517 1900 pecoris
531 1819 668 1894 contagia
681 1818 809 1877 laedent.

182 1917 340 1974 Fortunate
355 1933 455 1986 senex,
470 1915 527 1986 hic,
542 1916 618 1972 inter
631 1915 752 1973 flumina
765 1926 836 1974 nota

140 2023 170 2071 et
184 2013 272 2070 fontis
286 2029 394 2083 sacros,
408 2012 496 2086 frigus
511 2013 641 2087 captabis
656 2016 805 2087 opacum!

140 2111 224 2169 Hinc
240 2109 300 2180 tibi,
316 2126 392 2184 quae
407 2126 531 2183 semper,
546 2109 644 2166 vicino
659 2110 696 2167 ab
711 2109 811 2181 limite,
827 2130 930 2186 saepes

140 2207 284 2283 Hyblaeis
298 2207 401 2282 apibus
416 2205 517 2264 florem
532 2204 654 2280 depasta
668 2205 761 2263 salicti

139 2322 229 2380 saepe
243 2303 300 2362 levi
314 2322 452 2362 somnum
465 2302 601 2361 suadebit
614 2303 687 2360 inire
701 2322 837 2377 susurro,

140 2403 210 2460 hinc
224 2401 282 2458 alta
295 2400 350 2458 sub
364 2417 436 2475 mpe
451 2410 539 2458 canet
552 2399 704 2458 frondator
717 2400 757 2458 ad
770 2419 854 2460 auras
865 2423 874 2472 ;

139 2517 197 2556 nec
211 2508 312 2556 tamen
326 2497 438 2555 interea
449 2515 565 2568 raucae,
580 2505 631 2555 tua
644 2515 724 2569 cura,
738 2498 901 2572 palumbes,

139 2614 197 2654 uec
211 2612 329 2671 gemere
343 2594 421 2652 aeria
435 2595 561 2653 cessabit
574 2604 667 2652 turtur
679 2595 719 2652 ab
733 2595 823 2652 ulmo.

143 2694 177 2752 T.
219 2696 297 2750 Ante
311 2692 389 2750 leves
403 2710 473 2767 ergo
488 2702 644 2767 pascentur
658 2693 688 2749 in
702 2710 830 2766 aequore
844 2693 931 2765 cervi,

140 2799 171 2848 et
183 2792 258 2848 freta
270 2790 430 2847 destituent
443 2789 540 2848 nudos
554 2790 584 2847 in
597 2791 681 2848 litore
695 2790 802 2865 pisces,

138 2899 208 2946 aute
222 2887 378 2963 pererratis
392 2887 547 2946 ambomm
560 2887 666 2945 finibus
681 2887 764 2944 exsul

139 2994 190 3043 aut
204 2985 318 3042 Ararim
333 2984 455 3043 Parthus
469 2984 560 3056 bibet,
574 2992 624 3042 aut
639 2983 799 3043 Germania
810 2984 931 3060 Tigrim,

138 3100 228 3158 quam
243 3091 343 3140 nostro
357 3082 431 3141 illius
444 3082 557 3141 labatur
569 3091 690 3157 pectore
703 3081 808 3139 voltus.

137 3180 186 3238 M.
229 3182 269 3237 At
281 3197 336 3237 nos
349 3179 420 3237 hinc
433 3179 481 3237 alii
494 3179 616 3237 sitientis
630 3178 737 3238 ibimus
751 3177 846 3250 Afros,

137 3296 205 3354 pars
220 3277 368 3356 Scythiam
382 3285 412 3334 et
424 3275 559 3351 rapidum
574 3276 679 3335 Cretae
694 3275 846 3336 veniemus
859 3276 974 3350 Oaxen,

137 3386 169 3434 et
182 3375 299 3450 penitus
314 3383 376 3432 toto
390 3373 497 3432 divisos
512 3373 582 3432 orbe
597 3373 761 3432 Britannos.

179 3473 228 3532 En
242 3489 383 3547 umquam
397 3471 505 3546 patrios
519 3469 609 3546 longo
623 3479 691 3546 post
704 3478 838 3546 tempore
852 3470 927 3544 finis,

134 3568 275 3647 pauperis
289 3576 319 3626 et
332 3568 427 3644 tuguri
441 3576 614 3643 congestum
629 3567 758 3642 caespite
772 3567 900 3641 culmen,

253 3695 277 3730 ⁴⁸
287 3696 424 3755 quodannis.
447 3695 476 3741 R.
606 3694 628 3730 ⁶⁰
639 3695 740 3743 aethere.
763 3695 796 3743 tt.
913 3698 936 3732 ⁸¹
946 3699 1010 3746 exul.
1026 3699 1055 3745 R.

252 3769 429 3816 wmmmzttite.
453 3769 481 3815 R.
914 3772 1031 3819 “crem
1054 3772 1082 3818 R.
