2834 4292
247 268 308 335 170
442 338 447 349 θ
552 269 598 317 v1.
629 251 659 315 Τ
655 252 695 316 lu
717 251 840 315 Lower
860 251 976 318 World.
1170 260 1296 327 [AEuarn.

242 438 368 511 auribus,
383 446 413 496 et
426 445 543 497 huncas
557 437 715 496 inhonesto
727 437 847 496 volnere
860 455 954 496 nares.

240 536 299 593 Vix
313 534 389 593 adeo
403 533 543 610 adgnovit
556 534 735 610 pavitantem
748 543 779 593 et
791 533 855 592 dira
865 543 1017 611 tegentem

242 631 393 707 supplicia,
409 640 439 688 et
452 632 529 689 notis
543 631 701 708 compellat
714 631 836 689 vocibus
849 632 943 690 ultro:

243 728 419 803 ‘Deiphobe
433 728 620 803 armipotens,
635 744 727 803 genus
741 728 801 785 alto
814 746 833 786 a
846 728 987 804 sanguine
1002 728 1121 800 Teucri,

242 827 307 902 quis
321 836 381 884 tam
396 824 529 883 crudeles
544 825 655 900 optavit
669 842 786 883 sumere
800 826 933 900 poenas?

242 923 299 982 Cui
313 932 426 982 tantum
440 921 478 981 de
492 932 522 981 te
536 922 637 981 licuit?
678 922 755 981 Mihi
768 922 847 980 lama
858 940 995 998 suprema

241 1029 330 1078 nocte
344 1020 409 1078 tulit
422 1019 531 1078 sessum
545 1029 626 1077 vasta
639 1028 668 1077 te
684 1018 778 1077 caede
792 1019 946 1094 Pelasgum

242 1116 432 1193 procubuisse
446 1134 534 1193 super
547 1116 687 1174 confusae
702 1115 802 1190 stragis
816 1133 963 1174 acervum.

241 1215 327 1273 Tunc
342 1223 459 1289 egomet
472 1212 616 1272 tumulum
631 1212 769 1271 Rhoeteo
783 1213 866 1271 litore
880 1215 998 1273 inanem

242 1310 388 1382 constitui,
403 1320 433 1369 et
447 1328 554 1385 magna
568 1311 672 1368 Manes
687 1319 732 1367 ter
744 1327 818 1367 voce
831 1312 944 1371 vocavi.

243 1410 362 1468 Nomen
376 1418 407 1467 et
420 1426 500 1465 arma
513 1408 613 1466 locum
627 1417 762 1479 servant,
783 1417 822 1477 te,
836 1410 943 1481 amice,
957 1409 1076 1486 nequivi

243 1505 424 1581 conspicere,
440 1514 470 1563 et
483 1504 576 1580 patria
589 1503 741 1562 decedens
754 1523 865 1581 ponere
881 1509 976 1565 terra'

281 1601 330 1660 Ad
344 1620 419 1677 quae
436 1601 612 1660 Priamides:
635 1601 736 1659 ‘Nihil
749 1602 778 1661 O
792 1602 845 1660 tibi
858 1604 954 1661 amice
967 1604 1121 1676 relictum,

243 1699 342 1757 omnia
356 1698 515 1774 Deiphobo
529 1698 638 1756 solvisti
652 1707 683 1757 et
697 1699 803 1757 funeris
820 1700 938 1759 umbris.

243 1795 301 1857 Sed
316 1814 363 1854 me
377 1796 436 1854 fata
450 1813 517 1853 mea
531 1805 560 1854 et
574 1796 669 1853 scelus
685 1796 799 1854 exitiale
816 1797 969 1855 Lacaenae

243 1893 287 1951 his
301 1911 427 1951 mersere
442 1892 544 1965 malis,
565 1892 613 1950 illa
627 1893 699 1951 haec
715 1903 908 1952 monumenta
920 1895 1043 1969 reliquit.

244 1992 380 2065 Namque
395 1999 427 2048 ut
441 2008 607 2065 supremam
622 1989 692 2047 falsa
707 1990 782 2048 inter
797 1990 904 2065 gaudia
918 2002 1037 2051 noctem

243 2088 396 2163 egerimus,
412 2087 507 2159 nosti;
529 2096 558 2144 et
572 2086 694 2144 nimium
709 2088 875 2145 meminisse
890 2106 1012 2147 necesse
1026 2097 1081 2149 est.

244 2186 320 2244 Cum
335 2183 427 2242 fatalis
441 2201 534 2258 equus
549 2184 621 2242 saltu
637 2165 725 2257 super
737 2182 829 2242 ardua
844 2185 925 2243 venit

244 2284 393 2357 Pergama,
409 2292 438 2340 et
452 2291 595 2340 anuatum
610 2281 742 2356 peditem
756 2281 850 2355 gravis
864 2282 958 2341 attulit
971 2281 1046 2355 alvo,

243 2381 299 2451 illa,
315 2380 437 2438 chorum
452 2379 598 2450 simulam,
613 2388 732 2437 evantes
747 2378 828 2455 orgia
842 2379 952 2437 circum

245 2478 372 2536 ducebat
388 2477 543 2553 Phrygias;
564 2476 713 2533 flammam
727 2475 826 2533 media
839 2476 903 2550 ipsa
917 2477 1036 2535 tenebat

244 2577 402 2651 ingentem,
418 2584 446 2632 et
461 2592 574 2632 summa
588 2574 708 2631 Danaos
723 2590 761 2630 ex
774 2590 840 2631 arce
855 2574 988 2633 vocabat

243 2675 321 2733 Tum
336 2692 393 2744 me,
409 2674 575 2731 confectum
591 2672 666 2731 curis
680 2688 845 2745 somnoque
858 2680 1016 2745 gravatum,

244 2771 343 2829 infelix
357 2770 457 2827 habuit
471 2770 622 2839 thalamus,
639 2769 801 2844 pressitque
818 2768 964 2827 iacentem

244 2867 338 2927 dulcis
353 2877 382 2925 et
396 2868 454 2924 alta
467 2868 550 2941 quies
564 2865 757 2942 placidaeque
773 2866 918 2923 similhma
931 2865 1027 2925 morti.

245 2965 371 3041 Egregia
384 2964 494 3021 interea
508 2964 636 3021 coniunx
650 2981 731 3021 arma
745 2963 845 3020 omnia
858 2963 944 3021 tectis

245 3072 370 3132 amovet,
386 3071 415 3120 et
428 3059 520 3119 lidum
535 3063 624 3137 capiti
638 3062 815 3121 subduxerat
831 3079 953 3132 ensem,

244 3162 319 3218 intra
332 3169 411 3217 tecta
424 3168 510 3217 vocat
525 3160 703 3230 Menelaum,
719 3170 749 3219 et
763 3161 863 3218 limina
876 3159 989 3235 pandit,

244 3256 356 3317 scilicet
370 3255 401 3314 id
417 3274 555 3331 magnum
570 3274 688 3331 sperans
703 3256 765 3313 lore
780 3265 886 3314 munus
901 3256 1020 3328 amanti,

245 3364 274 3413 et
289 3354 397 3411 lamam
411 3353 554 3429 exstingui
568 3365 699 3411 veterum
713 3353 756 3411 sic
770 3372 856 3427 posse
870 3354 1022 3412 malorum.

246 3449 326 3525 Quid
341 3452 459 3508 moror?
500 3452 674 3525 Inmmpunt
689 3450 836 3521 thalamo;
859 3468 960 3510 comes
975 3448 1092 3509 additur
1106 3467 1166 3509 una

245 3549 375 3606 hortator
388 3548 530 3605 scelerum
544 3546 692 3609 Aeolides.
737 3547 785 3617 Di,
800 3548 868 3608 talia
881 3548 966 3606 Grais

245 3645 409 3715 instaurate,
424 3644 475 3719 pio
490 3644 513 3701 si
527 3660 638 3718 poenas
653 3660 703 3703 ore
718 3648 864 3719 reposco!
1256 3648 1294 3697 530

360 3771 571 3826 minationis.
588 3771 616 3815 R
709 3768 847 3816 mentones.
863 3771 896 3817 H.
993 3770 1140 3820 waratus.
1155 3774 1185 3821 R.
