2834 4292
186 308 231 361 VI.
243 304 312 373 901]
418 299 530 365 Shade
552 302 593 384 os
610 302 663 365 tlte
687 303 802 387 Yong
821 303 1010 369 Marcellus.

185 484 249 542 visa
262 493 378 560 potens,
395 486 505 561 Superi,
521 487 640 562 propria
652 486 727 545 haec
741 488 766 546 si
780 488 861 547 dona
874 489 1004 549 fuissent.

187 582 322 655 Quantos
338 583 385 640 ille
399 584 491 640 virum
507 602 642 659 magnam
657 586 798 643 Mavortis
812 586 852 643 ad
865 588 968 644 urbem

186 696 310 753 campus
325 689 392 754 aget
406 680 540 754 gemitus
554 681 601 737 vel
615 699 699 755 quae,
714 682 861 754 Tiberine,
875 684 989 743 videbis

184 775 297 847 lunera,
313 794 382 833 cum
396 777 539 834 tumulum
554 779 766 852 praeterlabere
780 791 930 839 recentem
944 787 951 842 1

185 873 215 929 N
218 890 253 929 ec
267 890 341 947 puer
355 873 446 930 Iliaca
460 874 614 948 quisquam
629 874 667 932 de
681 886 769 951 gente
785 878 905 937 Latinos

185 969 216 1027 in
231 978 345 1026 tantum
359 987 412 1045 spe
427 970 509 1029 tollet
523 989 602 1042 avos,
617 990 674 1029 nec
688 974 817 1031 Romula
831 978 982 1051 quondam

183 1066 246 1123 ullo
261 1084 293 1123 se
307 1075 421 1124 tantum
436 1067 519 1125 tellus
534 1068 654 1127 iactabit
668 1071 796 1131 alumno

186 1163 259 1220 Heu
272 1163 375 1238 pietas,
390 1162 448 1221 heu
462 1165 557 1239 prisea
570 1166 654 1239 fides,
669 1170 835 1247 invictaque
849 1174 927 1233 bello

185 1258 328 1317 dextera!
370 1262 399 1318 N
402 1278 441 1318 on
456 1262 495 1318 illi
509 1281 540 1320 se
555 1266 710 1341 quisquam
725 1271 846 1347 impune
861 1274 971 1331 tulisset

185 1360 288 1419 obvius
303 1371 424 1434 armato,
439 1381 491 1421 seu
506 1382 575 1422 cum
590 1366 683 1439 pedes
699 1368 753 1426 iret
767 1370 797 1427 in
811 1370 939 1443 hostem,
986 1416 994 1431 .

184 1476 237 1515 seu
252 1460 413 1533 spumantis
428 1460 496 1534 equi
510 1460 623 1520 foderet
638 1464 797 1524 calcaribus
810 1486 917 1527 armos.

185 1554 267 1626 Heu,
282 1555 446 1614 miserande
461 1574 543 1631 puer,
558 1558 582 1615 si
600 1578 658 1635 qua
672 1562 732 1619 fata
745 1582 848 1639 aspera
861 1583 989 1640 rumpas,

183 1664 216 1712 tu
232 1656 391 1714 Marcellus
407 1656 473 1715 eris.
497 1718 500 1722 ,
515 1658 652 1716 Manibus
668 1658 737 1717 date
751 1661 809 1719 lilia
821 1661 923 1735 plenis,

183 1770 347 1827 purpureos
362 1772 496 1829 spargam
510 1754 604 1828 flores,
621 1758 808 1832 animamque
822 1759 939 1833 nepotis

184 1850 229 1907 his
244 1851 346 1908 saltem
361 1850 549 1910 adcumulem
567 1853 661 1925 donis,
677 1864 707 1912 et
720 1855 823 1929 fungar
836 1856 916 1913 inani

183 1953 326 2009 munere!
337 1985 378 1995 -
387 1951 434 2011 Sic
449 1960 510 2009 tota
524 1952 633 2026 passim
647 1952 767 2026 regione
781 1963 921 2026 vagantur

183 2049 257 2106 aiiris
272 2050 302 2106 in
317 2050 427 2125 campis
442 2049 515 2121 latis,
531 2059 619 2123 atque
634 2050 734 2107 omnia
748 2050 878 2108 lustrant.

185 2147 270 2220 Quae
285 2158 441 2223 postquam
456 2146 600 2205 Anchises
616 2156 717 2203 natum
732 2163 785 2221 per
797 2147 910 2221 singula
923 2146 1015 2219 duxit,

184 2244 374 2320 incenditque
389 2245 519 2303 animum
534 2244 629 2301 famae
645 2243 787 2300 venientis
800 2261 909 2316 amore,

184 2343 252 2400 exin
266 2343 342 2401 bella
355 2344 416 2401 viro
431 2352 576 2402 memorat
590 2360 665 2417 quae
680 2339 789 2399 deinde
803 2341 941 2416 gerenda,

185 2440 396 2515 Laurentisque
412 2440 501 2499 docet
515 2440 640 2515 populos
654 2439 817 2513 urbemque
832 2440 937 2511 Latini,

184 2545 215 2594 et
229 2554 289 2611 quo
303 2555 450 2611 quemque
465 2525 557 2595 modo
573 2536 723 2611 fugiatque
739 2536 869 2610 feratque
884 2536 1025 2596 laborem.

130 2604 232 2615 aun—*-

138 3682 163 3715 bl

179 2696 181 2699 ,
226 2634 297 2692 Sunt
311 2634 445 2709 geminae
460 2634 560 2693 Somni
576 2643 687 2710 portae,
704 2650 827 2706 quarum
841 2634 930 2691 altera
943 2634 1032 2692 fertur

184 2749 301 2802 comea,
317 2749 376 2805 qua
388 2732 462 2789 veris
476 2730 568 2789 facilis
584 2730 668 2789 datur
682 2729 776 2787 exitus
790 2729 919 2802 umbris,

184 2828 275 2884 altera
289 2827 427 2885 candenti
441 2829 571 2903 perlecta
584 2828 679 2886 nitens
695 2825 863 2900 elephanto,

184 2924 238 2982 sed
253 2925 324 2982 salsa
337 2924 376 2982 ad
391 2924 504 2982 caelum
519 2926 637 2983 mittunt
651 2924 797 2983 insomnia
811 2925 925 2981 Manes.

185 3020 242 3077 His
257 3021 308 3079 ubi
322 3030 384 3079 tum
398 3031 501 3079 natum
515 3022 658 3081 Anchises
673 3040 790 3096 unaque
806 3020 942 3096 Sibyllam

183 3118 369 3192 prosequitur
383 3118 477 3189 dictis,
492 3128 635 3193 portaque
650 3119 756 3177 emittit
770 3119 890 3191 eburna,
987 3196 989 3199 y

183 3214 231 3271 ille
246 3215 322 3271 viam
337 3224 419 3272 secat
432 3214 470 3273 ad
485 3234 573 3273 naves
588 3216 743 3291 sociosque
758 3217 872 3275 revisit:

183 3319 247 3367 tum
262 3328 293 3368 se
308 3310 347 3369 ad
362 3312 481 3371 Caietae
495 3320 577 3369 recto
591 3312 646 3371 fert
659 3313 742 3371 litore
756 3324 882 3389 portum.

189 3405 323 3484 [Ancora
336 3407 375 3467 de
388 3426 475 3485 prora
489 3408 600 3481 iacitur,
615 3419 691 3469 stant
706 3411 788 3471 litore
802 3410 945 3489 puppes]

424 3535 456 3571 ⁸⁹⁰
467 3538 538 3583 exim.
554 3538 583 3584 R
822 3538 856 3572 ⁹⁰⁰
866 3540 948 3590 limate.
963 3541 997 3589 H.

267 3584 291 3613 ί*

164 3618 193 3700 A
293 3668 299 3686 κ
