2834 4292
214 302 259 370 94
450 303 497 349 111.
522 284 553 347 T
548 284 589 349 he
614 284 819 369 lihndering
837 286 879 367 of
893 286 1032 349 AEncas.

215 490 280 543 nos,
295 470 387 547 patria
400 470 529 542 incensa,
546 468 659 528 diversa
673 488 727 545 per
739 488 869 544 aequora
882 479 995 542 vectae,

216 570 310 645 stirpis
326 568 473 627 Achilleae
489 568 577 625 fastus
592 568 787 641 iuvenemque
802 568 971 641 superbum,

216 666 332 724 servitio
346 666 458 736 enixae,
473 664 608 721 tulimus:
631 664 682 738 qui
696 662 815 734 deinde,
830 674 949 721 secutus

216 762 364 823 Ledaeam
379 762 563 820 Hermionen
580 760 892 835 Lacedaemoniosque
908 762 1096 835 hymenaeos,

215 876 263 917 me
279 859 388 917 famulo
401 858 598 932 famulamque
614 857 734 914 Heleno
748 858 906 914 transmisit
919 857 1096 915 habendam.

216 959 269 1014 Ast
282 956 371 1027 illum,
387 965 504 1030 ereptae
519 973 627 1030 magno
642 954 836 1012 inflammatus
850 972 950 1012 amore

217 1054 347 1127 coniugis
362 1062 392 1110 et
406 1051 549 1110 scelerum
565 1034 656 1109 Furiis
672 1052 805 1125 agitatus,
821 1051 939 1109 Orestes

216 1151 324 1225 excipit
338 1151 487 1223 incautum
501 1150 666 1224 patriasque
681 1150 837 1207 obtruncat
850 1147 889 1205 ad
903 1166 976 1206 aras.

216 1251 314 1308 Morte
330 1249 519 1323 Neoptolemi
532 1266 687 1323 regnorum
702 1246 818 1304 reddita
833 1247 921 1304 cessit

215 1366 281 1422 pars
298 1346 424 1417 Helen0‚
441 1346 491 1421 qui
505 1345 654 1404 Chaonios
669 1344 846 1420 cognomine
860 1362 982 1419 campos

217 1443 438 1519 Chaoniamque
454 1461 572 1500 omnem
585 1443 713 1500 Troiano
728 1462 746 1499 a
760 1442 883 1499 Chaone
898 1441 979 1512 dixit,

216 1544 415 1617 Pergamaque
431 1541 608 1615 Iliacamque
623 1540 695 1615 iugis
711 1540 787 1596 hanc
801 1538 916 1596 addidit
929 1558 1036 1597 arcem.

216 1638 275 1698 Sed
289 1639 341 1696 tibi
355 1638 404 1713 qui
419 1656 535 1695 cursum
549 1637 636 1707 venti,
651 1655 726 1711 quae
741 1638 799 1693 fata
814 1635 945 1693 dedere?

216 1740 273 1795 Aut
288 1736 421 1812 quisnam
436 1736 567 1809 ignarum
582 1734 686 1792 nostris
701 1734 774 1792 deus
788 1734 900 1809 adpulit
914 1735 991 1792 oris?

217 1833 297 1908 Quid
312 1851 384 1909 puer
398 1833 561 1891 Ascanius?
582 1842 736 1907 superatne
750 1843 779 1889 et
793 1833 918 1889 vescitur
931 1850 1008 1903 aura,

216 1950 305 2007 quem
319 1931 370 1989 tibi
385 1931 443 1989 iam
457 1930 546 1987 Troia
555 1962 595 1971 —-

218 2030 321 2104 Ecqua
335 2038 434 2087 tamen
448 2046 540 2103 puero
556 2037 600 2086 est
614 2027 736 2084 amissae
752 2045 821 2084 cura
833 2026 982 2101 parentis?

218 2126 335 2201 Ecquid
349 2126 379 2184 in
393 2126 543 2201 antiquam
558 2126 691 2182 virtutem
705 2125 876 2200 animosque
891 2124 977 2182 virilis

216 2234 246 2283 et
261 2234 342 2299 pater
356 2226 470 2285 Aeneas
486 2231 515 2280 et
529 2221 687 2280 avunculus
703 2221 810 2280 excitat
827 2223 980 2280 Hector?’

256 2320 339 2378 Talia
353 2321 494 2379 fundebat
508 2320 660 2377 lacrimans
674 2320 836 2395 longosque
852 2320 947 2377 ciebat
979 2304 982 2307 ⁴

217 2420 363 2477 incassum
378 2418 471 2489 fletus,
487 2437 554 2475 curn
569 2436 632 2475 sese
648 2436 665 2475 a
679 2418 833 2475 moenibus
848 2418 933 2475 heros

218 2516 376 2575 Priamides
392 2516 487 2574 multis
504 2516 635 2573 Helenus
650 2516 856 2573 comitantibus
872 2514 973 2586 adfert,

217 2614 429 2690 adgnoscitque
445 2633 522 2684 suos,
537 2615 688 2687 laetusque
705 2612 743 2669 ad
758 2614 857 2670 limina
871 2611 962 2684 ducit,

218 2721 247 2769 et
261 2714 383 2770 multum
397 2713 529 2770 lacrimas
544 2712 632 2769 verba
646 2712 721 2768 inter
735 2711 847 2785 singula
860 2710 963 2768 fundit.

218 2811 362 2883 Procedo,
378 2821 407 2869 et
421 2830 541 2887 parvam
554 2811 673 2869 Troiam
688 2809 878 2884 simulataque
894 2808 1006 2883 magnis

217 2911 367 2984 Pergama,
382 2919 412 2968 et
425 2918 555 2966 arentem
569 2908 677 2966 Xanthi
691 2907 868 2982 cognomine
882 2908 976 2965 rivum

218 3007 377 3083 adgnosco,
393 3008 560 3081 Scaeaeque
574 3006 736 3080 amplector
749 3006 849 3063 limina
861 3015 972 3081 portae.

218 3106 284 3165 Nec
299 3124 359 3164 non
374 3116 403 3165 et
416 3105 523 3163 Teucri
537 3105 617 3162 socia
631 3104 716 3161 simul
727 3104 798 3162 urbe
813 3104 960 3161 fruuntur:

217 3204 280 3263 illos
294 3204 454 3279 porticibus
468 3222 520 3261 rex
534 3201 698 3278 accipiebat
712 3202 742 3259 in
757 3201 881 3275 amplis,

218 3302 293 3360 aulai
307 3301 406 3360 medio
420 3301 548 3360 libabant
561 3299 669 3375 pocula
685 3298 807 3369 Bacchi,

218 3399 360 3474 impositis
375 3418 445 3457 auro
460 3397 593 3473 dapibus,
608 3406 781 3472 paterasque
796 3395 944 3453 tenebant.

259 3498 381 3571 Iamque
396 3496 459 3553 dies
474 3495 603 3569 alterque
618 3493 680 3552 dies
694 3494 846 3569 processit,
862 3502 892 3550 et
906 3509 992 3549 aurae

217 3594 281 3652 vela
294 3602 401 3652 vocant
416 3591 588 3666 tumidoque
603 3591 717 3649 inflatur
732 3592 868 3668 carbasus
882 3599 990 3648 austro.

219 3690 276 3749 His
290 3700 386 3749 vatem
401 3688 557 3766 adgredior
571 3688 656 3747 dictis
671 3708 706 3747 ac
720 3689 789 3747 talia
803 3706 931 3764 quaeso:

1147 294 1274 359 [anan.

275 3817 458 3879 mammam.
474 3819 502 3865 R.
531 3817 678 3863 ⁸³⁶addcdie.
696 3818 724 3863 R.
760 3816 905 3875 ³⁴1puerost.
919 3816 948 3862 R.
984 3814 1144 3872 ⁸⁴⁸Rejected
1153 3814 1225 3871 byR.
